@article{AugotFS03,
	author    = {Daniel Augot and
	Matthieu Finiasz and
	Nicolas Sendrier},
	title     = {A Fast Provably Secure Cryptographic Hash Function},
	journal   = {{IACR} Cryptol. ePrint Arch.},
	volume    = {2003},
	pages     = {230},
	year      = {2003},
	url       = {http://eprint.iacr.org/2003/230},
	timestamp = {Mon, 11 May 2020 15:58:23 +0200},
	biburl    = {https://dblp.org/rec/journals/iacr/AugotFS03.bib},
	bibsource = {dblp computer science bibliography, https://dblp.org}
}

@inproceedings{AugotFS05,
	author    = {Daniel Augot and
	Matthieu Finiasz and
	Nicolas Sendrier},
	title     = {A Family of Fast Syndrome Based Cryptographic Hash Functions},
	booktitle = {Mycrypt 2005},
	series    = {LNCS},
	volume    = {3715},
	pages     = {64--83},
	publisher = {Springer},
	year      = {2005},
	url       = {https://doi.org/10.1007/11554868\_6},
	doi       = {10.1007/11554868\_6},
	timestamp = {Tue, 14 May 2019 10:00:48 +0200},
	biburl    = {https://dblp.org/rec/conf/mycrypt/AugotFS05.bib},
	bibsource = {dblp computer science bibliography, https://dblp.org}
}

@inproceedings{GoldwasserKPV10,
	author    = {Shafi Goldwasser and
	Yael Tauman Kalai and
	Chris Peikert and
	Vinod Vaikuntanathan},
	title     = {Robustness of the Learning with Errors Assumption},
	booktitle = {{ICS} 2010},
	pages     = {230--240},
	publisher = {Tsinghua University Press},
	year      = {2010},
	url       = {http://conference.iiis.tsinghua.edu.cn/ICS2010/content/papers/19.html},
	timestamp = {Wed, 04 Sep 2019 15:35:43 +0200},
	biburl    = {https://dblp.org/rec/conf/innovations/GoldwasserKPV10.bib},
	bibsource = {dblp computer science bibliography, https://dblp.org}
}

@inproceedings{JainKPT12,
	author    = {Abhishek Jain and
	Stephan Krenn and
	Krzysztof Pietrzak and
	Aris Tentes},
	title     = {Commitments and Efficient Zero-Knowledge Proofs from Learning Parity
	with Noise},
	booktitle = {{ASIACRYPT} 2012},
	series    = {LNCS},
	volume    = {7658},
	pages     = {663--680},
	publisher = {Springer},
	year      = {2012},
	url       = {https://doi.org/10.1007/978-3-642-34961-4\_40},
	doi       = {10.1007/978-3-642-34961-4\_40},
	timestamp = {Mon, 25 Nov 2019 15:32:14 +0100},
	biburl    = {https://dblp.org/rec/conf/asiacrypt/0002KPT12.bib},
	bibsource = {dblp computer science bibliography, https://dblp.org}
}

@book{KatzLindell2014,
	author    = {Jonathan Katz and
	Yehuda Lindell},
	title     = {Introduction to Modern Cryptography, Second Edition},
	publisher = {{CRC} Press},
	year      = {2014},
	url       = {https://www.crcpress.com/Introduction-to-Modern-Cryptography-Second-Edition/Katz-Lindell/p/book/9781466570269},
	isbn      = {9781466570269},
	timestamp = {Wed, 10 Jul 2019 10:47:05 +0200},
	biburl    = {https://dblp.org/rec/books/crc/KatzLindell2014.bib},
	bibsource = {dblp computer science bibliography, https://dblp.org}
}

@inproceedings{KawachiTX08,
	author    = {Akinori Kawachi and
	Keisuke Tanaka and
	Keita Xagawa},
	title     = {Concurrently Secure Identification Schemes Based on the Worst-Case
	Hardness of Lattice Problems},
	booktitle = {{ASIACRYPT} 2008},
	series    = {LNCS},
	volume    = {5350},
	pages     = {372--389},
	publisher = {Springer},
	year      = {2008},
	url       = {https://doi.org/10.1007/978-3-540-89255-7\_23},
	doi       = {10.1007/978-3-540-89255-7\_23},
	timestamp = {Wed, 25 Sep 2019 18:10:03 +0200},
	biburl    = {https://dblp.org/rec/conf/asiacrypt/KawachiTX08.bib},
	bibsource = {dblp computer science bibliography, https://dblp.org}
}

@inproceedings{LibertLMNW16a,
	author    = {Beno{\^{\i}}t Libert and
	San Ling and
	Fabrice Mouhartem and
	Khoa Nguyen and
	Huaxiong Wang},
	title     = {Signature Schemes with Efficient Protocols and Dynamic Group Signatures
	from Lattice Assumptions},
	booktitle = {{ASIACRYPT} 2016},
	publisher = {Springer},
	series    = {LNCS},
	volume    = {10032},
	pages     = {373--403},
	year      = {2016},
	url       = {https://doi.org/10.1007/978-3-662-53890-6\_13},
	doi       = {10.1007/978-3-662-53890-6\_13},
	timestamp = {Tue, 29 Dec 2020 18:32:49 +0100},
	biburl    = {https://dblp.org/rec/conf/asiacrypt/LibertLMNW16a.bib},
	bibsource = {dblp computer science bibliography, https://dblp.org}
}

@inproceedings{LingNSW13,
	author    = {San Ling and
	Khoa Nguyen and
	Damien Stehl{\'{e}} and
	Huaxiong Wang},
	title     = {Improved Zero-Knowledge Proofs of Knowledge for the {ISIS} Problem,
	and Applications},
	booktitle = {{PKC} 2013},
	series    = {LNCS},
	volume    = {7778},
	pages     = {107--124},
	publisher = {Springer},
	year      = {2013},
	url       = {https://doi.org/10.1007/978-3-642-36362-7\_8},
	doi       = {10.1007/978-3-642-36362-7\_8},
	timestamp = {Tue, 29 Dec 2020 18:34:44 +0100},
	biburl    = {https://dblp.org/rec/conf/pkc/LingNSW13.bib},
	bibsource = {dblp computer science bibliography, https://dblp.org}
}

@inproceedings{NguyenTWZ19,
	author    = {Khoa Nguyen and
	Hanh Tang and
	Huaxiong Wang and
	Neng Zeng},
	title     = {New Code-Based Privacy-Preserving Cryptographic Constructions},
	booktitle = {{ASIACRYPT} 2019},
	series    = {LNCS},
	volume    = {11922},
	pages     = {25--55},
	publisher = {Springer},
	year      = {2019},
	url       = {https://doi.org/10.1007/978-3-030-34621-8\_2},
	doi       = {10.1007/978-3-030-34621-8\_2},
	timestamp = {Tue, 29 Dec 2020 18:32:49 +0100},
	biburl    = {https://dblp.org/rec/conf/asiacrypt/NguyenTWZ19.bib},
	bibsource = {dblp computer science bibliography, https://dblp.org}
}



@inproceedings{Stern93,
	author    = {Jacques Stern},
	title     = {A New Identification Scheme Based on Syndrome Decoding},
	booktitle = {{CRYPTO} 1993},
	series    = {LNCS},
	volume    = {773},
	pages     = {13--21},
	publisher = {Springer},
	year      = {1993},
	url       = {https://doi.org/10.1007/3-540-48329-2\_2},
	doi       = {10.1007/3-540-48329-2\_2},
	timestamp = {Tue, 14 May 2019 10:00:48 +0200},
	biburl    = {https://dblp.org/rec/conf/crypto/Stern93.bib},
	bibsource = {dblp computer science bibliography, https://dblp.org}
}

@inproceedings{ParkS19,
	author    = {Sunoo Park and
	Adam Sealfon},
	title     = {It Wasn't Me! - Repudiability and Claimability of Ring Signatures},
	booktitle = {{CRYPTO} 2019},
	series    = {LNCS},
	volume    = {11694},
	pages     = {159--190},
	publisher = {Springer},
	year      = {2019},
	url       = {https://doi.org/10.1007/978-3-030-26954-8\_6},
	doi       = {10.1007/978-3-030-26954-8\_6},
	timestamp = {Fri, 09 Aug 2019 14:36:06 +0200},
	biburl    = {https://dblp.org/rec/conf/crypto/ParkS19.bib},
	bibsource = {dblp computer science bibliography, https://dblp.org}
}

@article{BootleCCGG20,
	author    = {Jonathan Bootle and
	Andrea Cerulli and
	Pyrros Chaidos and
	Essam Ghadafi and
	Jens Groth},
	title     = {Foundations of Fully Dynamic Group Signatures},
	journal   = {J. Cryptol.},
	volume    = {33},
	number    = {4},
	pages     = {1822--1870},
	year      = {2020},
	url       = {https://doi.org/10.1007/s00145-020-09357-w},
	doi       = {10.1007/s00145-020-09357-w},
	timestamp = {Fri, 14 May 2021 08:32:20 +0200},
	biburl    = {https://dblp.org/rec/journals/joc/BootleCCGG20.bib},
	bibsource = {dblp computer science bibliography, https://dblp.org}
}

@inproceedings{LingNWX17,
	author    = {San Ling and
	Khoa Nguyen and
	Huaxiong Wang and
	Yanhong Xu},
	title     = {Lattice-Based Group Signatures: Achieving Full Dynamicity with Ease},
	booktitle = {{ACNS} 2017},
	series    = {LNCS},
	volume    = {10355},
	pages     = {293--312},
	publisher = {Springer},
	year      = {2017},
	url       = {https://doi.org/10.1007/978-3-319-61204-1\_15},
	doi       = {10.1007/978-3-319-61204-1\_15},
	timestamp = {Tue, 29 Dec 2020 18:35:05 +0100},
	biburl    = {https://dblp.org/rec/conf/acns/LingNWX17.bib},
	bibsource = {dblp computer science bibliography, https://dblp.org}
}

@inproceedings{YuZWGL19,
	author    = {Yu Yu and
	Jiang Zhang and
	Jian Weng and
	Chun Guo and
	Xiangxue Li},
	title     = {Collision Resistant Hashing from Sub-exponential Learning Parity with
	Noise},
	booktitle = {{ASIACRYPT} 2019},
	series    = {LNCS},
	volume    = {11922},
	pages     = {3--24},
	publisher = {Springer},
	year      = {2019},
	url       = {https://doi.org/10.1007/978-3-030-34621-8\_1},
	doi       = {10.1007/978-3-030-34621-8\_1},
	timestamp = {Thu, 04 Mar 2021 15:35:10 +0100},
	biburl    = {https://dblp.org/rec/conf/asiacrypt/0001ZWGL19.bib},
	bibsource = {dblp computer science bibliography, https://dblp.org}
}

@inproceedings{FiatS86,
	author    = {Amos Fiat and
	Adi Shamir},
	title     = {How to Prove Yourself: Practical Solutions to Identification and Signature
	Problems},
	booktitle = {{CRYPTO} 1986},
	series    = {LNCS},
	volume    = {263},
	pages     = {186--194},
	publisher = {Springer},
	year      = {1986},
	url       = {https://doi.org/10.1007/3-540-47721-7\_12},
	doi       = {10.1007/3-540-47721-7\_12},
	timestamp = {Tue, 14 May 2019 10:00:48 +0200},
	biburl    = {https://dblp.org/rec/conf/crypto/FiatS86.bib},
	bibsource = {dblp computer science bibliography, https://dblp.org}
}

@book{PattersonComputer,
	author = {Patterson, David A. and Hennessy, John L.},
	title = {Computer Organization and Design, Fifth Edition: The Hardware/Software Interface},
	year = {2013},
	isbn = {0124077269, 9780124077263},
	edition = {5th},
	publisher = {Morgan Kaufmann Publishers Inc.},
} 

@inproceedings{CamenischL02,
	author    = {Jan Camenisch and
	Anna Lysyanskaya},
	title     = {Dynamic Accumulators and Application to Efficient Revocation of Anonymous
	Credentials},
	booktitle = {{CRYPTO} 2002},
	series    = {LNCS},
	volume    = {2442},
	pages     = {61--76},
	publisher = {Springer},
	year      = {2002},
	url       = {https://doi.org/10.1007/3-540-45708-9\_5},
	doi       = {10.1007/3-540-45708-9\_5},
	timestamp = {Tue, 14 May 2019 10:00:48 +0200},
	biburl    = {https://dblp.org/rec/conf/crypto/CamenischL02.bib},
	bibsource = {dblp computer science bibliography, https://dblp.org}
}

@inproceedings{BariP97,
	author    = {Niko Baric and
	Birgit Pfitzmann},
	title     = {Collision-Free Accumulators and Fail-Stop Signature Schemes Without
	Trees},
	booktitle = {{EUROCRYPT} 1997},
	series    = {LNCS},
	volume    = {1233},
	pages     = {480--494},
	publisher = {Springer},
	year      = {1997},
	url       = {https://doi.org/10.1007/3-540-69053-0\_33},
	doi       = {10.1007/3-540-69053-0\_33},
	timestamp = {Tue, 14 May 2019 10:00:54 +0200},
	biburl    = {https://dblp.org/rec/conf/eurocrypt/BariP97.bib},
	bibsource = {dblp computer science bibliography, https://dblp.org}
}

@inproceedings{MajiPR11,
	author    = {Hemanta K. Maji and
	Manoj Prabhakaran and
	Mike Rosulek},
	title     = {Attribute-Based Signatures},
	booktitle = {{CT-RSA} 2011},
	series    = {LNCS},
	volume    = {6558},
	pages     = {376--392},
	publisher = {Springer},
	year      = {2011},
	url       = {https://doi.org/10.1007/978-3-642-19074-2\_24},
	doi       = {10.1007/978-3-642-19074-2\_24},
	timestamp = {Tue, 14 May 2019 10:00:52 +0200},
	biburl    = {https://dblp.org/rec/conf/ctrsa/MajiPR11.bib},
	bibsource = {dblp computer science bibliography, https://dblp.org}
}

@article{MajiPR08,
	author    = {Hemanta K. Maji and
	Manoj Prabhakaran and
	Mike Rosulek},
	title     = {Attribute-Based Signatures: Achieving Attribute-Privacy and Collusion-Resistance},
	journal   = {{IACR} Cryptol. ePrint Arch.},
	pages     = {328},
	year      = {2008},
	url       = {http://eprint.iacr.org/2008/328},
	timestamp = {Mon, 11 May 2020 16:00:12 +0200},
	biburl    = {https://dblp.org/rec/journals/iacr/MajiPR08.bib},
	bibsource = {dblp computer science bibliography, https://dblp.org}
}

@article{LuoASD21,
	author    = {Fucai Luo and
	Saif Al{-}Kuwari and
	Willy Susilo and
	Dung Hoang Duong},
	title     = {Attribute-based proxy re-signature from standard lattices and its
	applications},
	journal   = {Comput. Stand. Interfaces},
	volume    = {75},
	pages     = {103499},
	year      = {2021},
	url       = {https://doi.org/10.1016/j.csi.2020.103499},
	doi       = {10.1016/j.csi.2020.103499},
	timestamp = {Thu, 14 Oct 2021 08:51:04 +0200},
	biburl    = {https://dblp.org/rec/journals/csi/LuoASD21.bib},
	bibsource = {dblp computer science bibliography, https://dblp.org}
}

@inproceedings{GoldwasserMR85,
	author    = {Shafi Goldwasser and
	Silvio Micali and
	Charles Rackoff},
	title     = {The Knowledge Complexity of Interactive Proof-Systems (Extended Abstract)},
	booktitle = {STOC 1985},
	pages     = {291--304},
	publisher = {{ACM}},
	year      = {1985},
	url       = {https://doi.org/10.1145/22145.22178},
	doi       = {10.1145/22145.22178},
	timestamp = {Wed, 14 Nov 2018 10:51:37 +0100},
	biburl    = {https://dblp.org/rec/conf/stoc/GoldwasserMR85.bib},
	bibsource = {dblp computer science bibliography, https://dblp.org}
}

@inproceedings{GoldreichMW86,
	author    = {Oded Goldreich and
	Silvio Micali and
	Avi Wigderson},
	title     = {How to Prove all NP-Statements in Zero-Knowledge, and a Methodology
	of Cryptographic Protocol Design},
	booktitle = {{CRYPTO} 1986},
	series    = {LNCS},
	volume    = {263},
	pages     = {171--185},
	publisher = {Springer},
	year      = {1986},
	url       = {https://doi.org/10.1007/3-540-47721-7\_11},
	doi       = {10.1007/3-540-47721-7\_11},
	timestamp = {Tue, 14 May 2019 10:00:48 +0200},
	biburl    = {https://dblp.org/rec/conf/crypto/GoldreichMW86.bib},
	bibsource = {dblp computer science bibliography, https://dblp.org}
}

@article{BrassardCC88,
	author    = {Gilles Brassard and
	David Chaum and
	Claude Cr{\'{e}}peau},
	title     = {Minimum Disclosure Proofs of Knowledge},
	journal   = {J. Comput. Syst. Sci.},
	volume    = {37},
	number    = {2},
	pages     = {156--189},
	year      = {1988},
	url       = {https://doi.org/10.1016/0022-0000(88)90005-0},
	doi       = {10.1016/0022-0000(88)90005-0},
	timestamp = {Tue, 16 Feb 2021 14:03:53 +0100},
	biburl    = {https://dblp.org/rec/journals/jcss/BrassardCC88.bib},
	bibsource = {dblp computer science bibliography, https://dblp.org}
}

@inproceedings{CramerD98,
	author    = {Ronald Cramer and
	Ivan Damg{\aa}rd},
	title     = {Zero-Knowledge Proofs for Finite Field Arithmetic; or: Can Zero-Knowledge
	be for Free?},
	booktitle = {{CRYPTO} 1998},
	series    = {LNCS},
	volume    = {1462},
	pages     = {424--441},
	publisher = {Springer},
	year      = {1998},
	url       = {https://doi.org/10.1007/BFb0055745},
	doi       = {10.1007/BFb0055745},
	timestamp = {Tue, 01 Jun 2021 15:21:29 +0200},
	biburl    = {https://dblp.org/rec/conf/crypto/CramerD98.bib},
	bibsource = {dblp computer science bibliography, https://dblp.org}
}

@inproceedings{IshaiKOS07,
	author    = {Yuval Ishai and
	Eyal Kushilevitz and
	Rafail Ostrovsky and
	Amit Sahai},
	title     = {Zero-knowledge from secure multiparty computation},
	booktitle = {STOC 2007},
	pages     = {21--30},
	publisher = {{ACM}},
	year      = {2007},
	url       = {https://doi.org/10.1145/1250790.1250794},
	doi       = {10.1145/1250790.1250794},
	timestamp = {Tue, 06 Nov 2018 11:07:05 +0100},
	biburl    = {https://dblp.org/rec/conf/stoc/IshaiKOS07.bib},
	bibsource = {dblp computer science bibliography, https://dblp.org}
}

@article{IshaiKOS09,
	author    = {Yuval Ishai and
	Eyal Kushilevitz and
	Rafail Ostrovsky and
	Amit Sahai},
	title     = {Zero-Knowledge Proofs from Secure Multiparty Computation},
	journal   = {{SIAM} J. Comput.},
	volume    = {39},
	number    = {3},
	pages     = {1121--1152},
	year      = {2009},
	url       = {https://doi.org/10.1137/080725398},
	doi       = {10.1137/080725398},
	timestamp = {Sat, 27 May 2017 14:22:59 +0200},
	biburl    = {https://dblp.org/rec/journals/siamcomp/IshaiKOS09.bib},
	bibsource = {dblp computer science bibliography, https://dblp.org}
}

@inproceedings{GiacomelliMO16,
	author    = {Irene Giacomelli and
	Jesper Madsen and
	Claudio Orlandi},
	title     = {ZKBoo: Faster Zero-Knowledge for Boolean Circuits},
	booktitle = {{USENIX} 2016},
	pages     = {1069--1083},
	publisher = {{USENIX} Association},
	year      = {2016},
	url       = {https://www.usenix.org/conference/usenixsecurity16/technical-sessions/presentation/giacomelli},
	timestamp = {Mon, 01 Feb 2021 08:43:18 +0100},
	biburl    = {https://dblp.org/rec/conf/uss/GiacomelliMO16.bib},
	bibsource = {dblp computer science bibliography, https://dblp.org}
}

@inproceedings{AmesHIV17,
	author    = {Scott Ames and
	Carmit Hazay and
	Yuval Ishai and
	Muthuramakrishnan Venkitasubramaniam},
	title     = {Ligero: Lightweight Sublinear Arguments Without a Trusted Setup},
	booktitle = {ACM CCS 2017},
	pages     = {2087--2104},
	publisher = {{ACM}},
	year      = {2017},
	url       = {https://doi.org/10.1145/3133956.3134104},
	doi       = {10.1145/3133956.3134104},
	timestamp = {Tue, 10 Nov 2020 20:00:41 +0100},
	biburl    = {https://dblp.org/rec/conf/ccs/AmesHIV17.bib},
	bibsource = {dblp computer science bibliography, https://dblp.org}
}

@inproceedings{JawurekKO13,
	author    = {Marek Jawurek and
	Florian Kerschbaum and
	Claudio Orlandi},
	title     = {Zero-knowledge using garbled circuits: how to prove non-algebraic
	statements efficiently},
	booktitle = {{ACM CCS} 2013},
	pages     = {955--966},
	publisher = {{ACM}},
	year      = {2013},
	url       = {https://doi.org/10.1145/2508859.2516662},
	doi       = {10.1145/2508859.2516662},
	timestamp = {Tue, 10 Nov 2020 19:58:08 +0100},
	biburl    = {https://dblp.org/rec/conf/ccs/JawurekKO13.bib},
	bibsource = {dblp computer science bibliography, https://dblp.org}
}

@article{GentryGIPSS15,
	author    = {Craig Gentry and
	Jens Groth and
	Yuval Ishai and
	Chris Peikert and
	Amit Sahai and
	Adam D. Smith},
	title     = {Using Fully Homomorphic Hybrid Encryption to Minimize Non-interative
	Zero-Knowledge Proofs},
	journal   = {J. Cryptol.},
	volume    = {28},
	number    = {4},
	pages     = {820--843},
	year      = {2015},
	url       = {https://doi.org/10.1007/s00145-014-9184-y},
	doi       = {10.1007/s00145-014-9184-y},
	timestamp = {Fri, 18 Sep 2020 11:17:31 +0200},
	biburl    = {https://dblp.org/rec/journals/joc/GentryGIPSS15.bib},
	bibsource = {dblp computer science bibliography, https://dblp.org}
}

@inproceedings{Groth16,
	author    = {Jens Groth},
	title     = {On the Size of Pairing-Based Non-interactive Arguments},
	booktitle = {{EUROCRYPT} 2016},
	series    = {LNCS},
	volume    = {9666},
	pages     = {305--326},
	publisher = {Springer},
	year      = {2016},
	url       = {https://doi.org/10.1007/978-3-662-49896-5\_11},
	doi       = {10.1007/978-3-662-49896-5\_11},
	timestamp = {Tue, 14 May 2019 10:00:53 +0200},
	biburl    = {https://dblp.org/rec/conf/eurocrypt/Groth16.bib},
	bibsource = {dblp computer science bibliography, https://dblp.org}
}

@inproceedings{BootleCCGP16,
	author    = {Jonathan Bootle and
	Andrea Cerulli and
	Pyrros Chaidos and
	Jens Groth and
	Christophe Petit},
	title     = {Efficient Zero-Knowledge Arguments for Arithmetic Circuits in the
	Discrete Log Setting},
	booktitle = {{EUROCRYPT} 2016},
	series    = {LNCS},
	volume    = {9666},
	pages     = {327--357},
	publisher = {Springer},
	year      = {2016},
	url       = {https://doi.org/10.1007/978-3-662-49896-5\_12},
	doi       = {10.1007/978-3-662-49896-5\_12},
	timestamp = {Sun, 02 Jun 2019 21:14:03 +0200},
	biburl    = {https://dblp.org/rec/conf/eurocrypt/BootleCCGP16.bib},
	bibsource = {dblp computer science bibliography, https://dblp.org}
}

@inproceedings{BunzBBPWM18,
	author    = {Benedikt B{\"{u}}nz and
	Jonathan Bootle and
	Dan Boneh and
	Andrew Poelstra and
	Pieter Wuille and
	Gregory Maxwell},
	title     = {Bulletproofs: Short Proofs for Confidential Transactions and More},
	booktitle = {{IEEE SP} 2018},
	pages     = {315--334},
	publisher = {{IEEE} Computer Society},
	year      = {2018},
	url       = {https://doi.org/10.1109/SP.2018.00020},
	doi       = {10.1109/SP.2018.00020},
	timestamp = {Sat, 05 Sep 2020 18:02:10 +0200},
	biburl    = {https://dblp.org/rec/conf/sp/BunzBBPWM18.bib},
	bibsource = {dblp computer science bibliography, https://dblp.org}
}

@inproceedings{BaumBCPGL18,
	author    = {Carsten Baum and
	Jonathan Bootle and
	Andrea Cerulli and
	Rafa{\"{e}}l del Pino and
	Jens Groth and
	Vadim Lyubashevsky},
	title     = {Sub-linear Lattice-Based Zero-Knowledge Arguments for Arithmetic Circuits},
	booktitle = {{CRYPTO} 2018},
	series    = {LNCS},
	volume    = {10992},
	pages     = {669--699},
	publisher = {Springer},
	year      = {2018},
	url       = {https://doi.org/10.1007/978-3-319-96881-0\_23},
	doi       = {10.1007/978-3-319-96881-0\_23},
	timestamp = {Tue, 14 May 2019 10:00:48 +0200},
	biburl    = {https://dblp.org/rec/conf/crypto/BaumBCPGL18.bib},
	bibsource = {dblp computer science bibliography, https://dblp.org}
}

@inproceedings{XieZZPS19,
	author    = {Tiancheng Xie and
	Jiaheng Zhang and
	Yupeng Zhang and
	Charalampos Papamanthou and
	Dawn Song},
	title     = {Libra: Succinct Zero-Knowledge Proofs with Optimal Prover Computation},
	booktitle = {{CRYPTO} 2019},
	series    = {LNCS},
	volume    = {11694},
	pages     = {733--764},
	publisher = {Springer},
	year      = {2019},
	url       = {https://doi.org/10.1007/978-3-030-26954-8\_24},
	doi       = {10.1007/978-3-030-26954-8\_24},
	timestamp = {Thu, 29 Aug 2019 07:47:22 +0200},
	biburl    = {https://dblp.org/rec/conf/crypto/XieZZPS19.bib},
	bibsource = {dblp computer science bibliography, https://dblp.org}
}

@inproceedings{AttemaC20,
	author    = {Thomas Attema and
	Ronald Cramer},
	title     = "Compressed {$\Sigma$}-Protocol
	Theory and Practical Application to Plug {\&} Play Secure Algorithmics",
	booktitle = {{CRYPTO} 2020},
	series    = {LNCS},
	volume    = {12172},
	pages     = {513--543},
	publisher = {Springer},
	year      = {2020},
	url       = {https://doi.org/10.1007/978-3-030-56877-1\_18},
	doi       = {10.1007/978-3-030-56877-1\_18},
	timestamp = {Wed, 12 Aug 2020 14:24:02 +0200},
	biburl    = {https://dblp.org/rec/conf/crypto/AttemaC20.bib},
	bibsource = {dblp computer science bibliography, https://dblp.org}
}

@inproceedings{BrickellPVY00,
	author    = {Ernest F. Brickell and
	David Pointcheval and
	Serge Vaudenay and
	Moti Yung},
	title     = {Design Validations for Discrete Logarithm Based Signature Schemes},
	booktitle = {{PKC} 2000},
	series    = {LNCS},
	volume    = {1751},
	pages     = {276--292},
	publisher = {Springer},
	year      = {2000},
	url       = {https://doi.org/10.1007/978-3-540-46588-1\_19},
	doi       = {10.1007/978-3-540-46588-1\_19},
	timestamp = {Tue, 30 Nov 2021 15:21:24 +0100},
	biburl    = {https://dblp.org/rec/conf/pkc/BrickellPVY00.bib},
	bibsource = {dblp computer science bibliography, https://dblp.org}
}

@inproceedings{BellareF14,
	author    = {Mihir Bellare and
	Georg Fuchsbauer},
	title     = {Policy-Based Signatures},
	booktitle = {{PKC} 2014},
	series    = {LNCS},
	volume    = {8383},
	pages     = {520--537},
	publisher = {Springer},
	year      = {2014},
	url       = {https://doi.org/10.1007/978-3-642-54631-0\_30},
	doi       = {10.1007/978-3-642-54631-0\_30},
	timestamp = {Fri, 01 May 2020 18:32:25 +0200},
	biburl    = {https://dblp.org/rec/conf/pkc/BellareF14.bib},
	bibsource = {dblp computer science bibliography, https://dblp.org}
}

@article{DeuberMMRSS18,
	author    = {Dominic Deuber and
	Matteo Maffei and
	Giulio Malavolta and
	Max Rabkin and
	Dominique Schr{\"{o}}der and
	Mark Simkin},
	title     = {Functional Credentials},
	journal   = {Proc. Priv. Enhancing Technol.},
	volume    = {2018},
	number    = {2},
	pages     = {64--84},
	year      = {2018},
	url       = {https://doi.org/10.1515/popets-2018-0013},
	doi       = {10.1515/popets-2018-0013},
	timestamp = {Tue, 01 Sep 2020 13:13:13 +0200},
	biburl    = {https://dblp.org/rec/journals/popets/DeuberMMRSS18.bib},
	bibsource = {dblp computer science bibliography, https://dblp.org}
}

@phdthesis{ElKaafarani15,
	author    = {Ali {El Kaafarani}},
	title     = {Traceability, linkability and policy hiding in attribute-based signature
	schemes},
	school    = {University of Bath, Somerset, {UK}},
	year      = {2015},
	url       = {http://opus.bath.ac.uk/44970/},
	timestamp = {Fri, 28 Oct 2016 15:58:59 +0200},
	biburl    = {https://dblp.org/rec/phd/ethos/ElKaafarani15.bib},
	bibsource = {dblp computer science bibliography, https://dblp.org}
}

@inproceedings{CamenischDEN12,
	author    = {Jan Camenisch and
	Maria Dubovitskaya and
	Robert R. Enderlein and
	Gregory Neven},
	title     = {Oblivious Transfer with Hidden Access Control from Attribute-Based
	Encryption},
	booktitle = {{SCN} 2012},
	series    = {LNCS},
	volume    = {7485},
	pages     = {559--579},
	publisher = {Springer},
	year      = {2012},
	url       = {https://doi.org/10.1007/978-3-642-32928-9\_31},
	doi       = {10.1007/978-3-642-32928-9\_31},
	timestamp = {Tue, 14 May 2019 10:00:54 +0200},
	biburl    = {https://dblp.org/rec/conf/scn/CamenischDEN12.bib},
	bibsource = {dblp computer science bibliography, https://dblp.org}
}

@inproceedings{GoyalPSW06,
	author    = {Vipul Goyal and
	Omkant Pandey and
	Amit Sahai and
	Brent Waters},
	title     = {Attribute-based encryption for fine-grained access control of encrypted
	data},
	booktitle = {{ACM CCS} 2006},
	pages     = {89--98},
	publisher = {{ACM}},
	year      = {2006},
	url       = {https://doi.org/10.1145/1180405.1180418},
	doi       = {10.1145/1180405.1180418},
	timestamp = {Wed, 24 Feb 2021 17:28:35 +0100},
	biburl    = {https://dblp.org/rec/conf/ccs/GoyalPSW06.bib},
	bibsource = {dblp computer science bibliography, https://dblp.org}
}

@inproceedings{KatzSW08,
	author    = {Jonathan Katz and
	Amit Sahai and
	Brent Waters},
	title     = {Predicate Encryption Supporting Disjunctions, Polynomial Equations,
	and Inner Products},
	booktitle = {{EUROCRYPT} 2008},
	series    = {LNCS},
	volume    = {4965},
	pages     = {146--162},
	publisher = {Springer},
	year      = {2008},
	url       = {https://doi.org/10.1007/978-3-540-78967-3\_9},
	doi       = {10.1007/978-3-540-78967-3\_9},
	timestamp = {Tue, 14 May 2019 10:00:53 +0200},
	biburl    = {https://dblp.org/rec/conf/eurocrypt/KatzSW08.bib},
	bibsource = {dblp computer science bibliography, https://dblp.org}
}

@article{KatzSW13,
	author    = {Jonathan Katz and
	Amit Sahai and
	Brent Waters},
	title     = {Predicate Encryption Supporting Disjunctions, Polynomial Equations,
	and Inner Products},
	journal   = {J. Cryptol.},
	volume    = {26},
	number    = {2},
	pages     = {191--224},
	year      = {2013},
	url       = {https://doi.org/10.1007/s00145-012-9119-4},
	doi       = {10.1007/s00145-012-9119-4},
	timestamp = {Fri, 18 Sep 2020 11:17:34 +0200},
	biburl    = {https://dblp.org/rec/journals/joc/KatzSW13.bib},
	bibsource = {dblp computer science bibliography, https://dblp.org}
}

@article{KrollJSFRRH17,
	title = "Accountable algorithms",
	author = "Kroll, {Joshua A.} and Joanna Huey and Solon Barocas and Felten, {Edward W.} and Reidenberg, {Joel R.} and Robinson, {David G.} and Harlan Yu",
	year = "2017",
	volume = "165",
	pages = "633--705",
	journal = "U. of Pennsylvania Law Review",
	issn = "0041-9907",
	publisher = "University of Pennsylvania Law School",
	number = "3"
}

@inproceedings{LibertLMNW17,
	author    = {Beno{\^{\i}}t Libert and
	San Ling and
	Fabrice Mouhartem and
	Khoa Nguyen and
	Huaxiong Wang},
	title     = {Adaptive Oblivious Transfer with Access Control from Lattice Assumptions},
	booktitle = {{ASIACRYPT} 2017},
	series    = {LNCS},
	volume    = {10624},
	pages     = {533--563},
	publisher = {Springer},
	year      = {2017},
	url       = {https://doi.org/10.1007/978-3-319-70694-8\_19},
	doi       = {10.1007/978-3-319-70694-8\_19},
	timestamp = {Tue, 29 Dec 2020 18:32:49 +0100},
	biburl    = {https://dblp.org/rec/conf/asiacrypt/LibertLMNW17.bib},
	bibsource = {dblp computer science bibliography, https://dblp.org}
}

@article{LibertLMNW21,
	author    = {Beno{\^{\i}}t Libert and
	San Ling and
	Fabrice Mouhartem and
	Khoa Nguyen and
	Huaxiong Wang},
	title     = {Adaptive oblivious transfer with access control from lattice assumptions},
	journal   = {Theor. Comput. Sci.},
	volume    = {891},
	pages     = {210--229},
	year      = {2021},
	url       = {https://doi.org/10.1016/j.tcs.2021.09.001},
	doi       = {10.1016/j.tcs.2021.09.001},
	timestamp = {Wed, 15 Dec 2021 10:29:48 +0100},
	biburl    = {https://dblp.org/rec/journals/tcs/LibertLMNW21.bib},
	bibsource = {dblp computer science bibliography, https://dblp.org}
}

@inproceedings{Valiant76,
	author    = {Leslie G. Valiant},
	title     = {Universal Circuits (Preliminary Report)},
	booktitle = {STOC 1976},
	pages     = {196--203},
	publisher = {{ACM}},
	year      = {1976},
	url       = {https://doi.org/10.1145/800113.803649},
	doi       = {10.1145/800113.803649},
	timestamp = {Tue, 06 Nov 2018 11:07:05 +0100},
	biburl    = {https://dblp.org/rec/conf/stoc/Valiant76.bib},
	bibsource = {dblp computer science bibliography, https://dblp.org}
}

@inproceedings{KolesnikovS08,
	author    = {Vladimir Kolesnikov and
	Thomas Schneider},
	title     = {A Practical Universal Circuit Construction and Secure Evaluation of
	Private Functions},
	booktitle = {{FC} 2008},
	series    = {LNCS},
	volume    = {5143},
	pages     = {83--97},
	publisher = {Springer},
	year      = {2008},
	url       = {https://doi.org/10.1007/978-3-540-85230-8\_7},
	doi       = {10.1007/978-3-540-85230-8\_7},
	timestamp = {Tue, 14 May 2019 10:00:38 +0200},
	biburl    = {https://dblp.org/rec/conf/fc/KolesnikovS08.bib},
	bibsource = {dblp computer science bibliography, https://dblp.org}
}

@inproceedings{Kiss016,
	author    = {{\'{A}}gnes Kiss and
	Thomas Schneider},
	title     = {Valiant's Universal Circuit is Practical},
	booktitle = {{EUROCRYPT} 2016},
	series    = {LNCS},
	volume    = {9665},
	pages     = {699--728},
	publisher = {Springer},
	year      = {2016},
	url       = {https://doi.org/10.1007/978-3-662-49890-3\_27},
	doi       = {10.1007/978-3-662-49890-3\_27},
	timestamp = {Tue, 14 May 2019 10:00:53 +0200},
	biburl    = {https://dblp.org/rec/conf/eurocrypt/Kiss016.bib},
	bibsource = {dblp computer science bibliography, https://dblp.org}
}

@inproceedings{MorozovT12,
	author    = {Kirill Morozov and
	Tsuyoshi Takagi},
	title     = {Zero-Knowledge Protocols for the McEliece Encryption},
	booktitle = {{ACISP} 2012},
	series    = {LNCS},
	volume    = {7372},
	pages     = {180--193},
	publisher = {Springer},
	year      = {2012},
	url       = {https://doi.org/10.1007/978-3-642-31448-3\_14},
	doi       = {10.1007/978-3-642-31448-3\_14},
	timestamp = {Tue, 14 May 2019 10:00:46 +0200},
	biburl    = {https://dblp.org/rec/conf/acisp/MorozovT12.bib},
	bibsource = {dblp computer science bibliography, https://dblp.org}
}

@inproceedings{MelchorCG08,
	author    = {Carlos Aguilar Melchor and
	Pierre{-}Louis Cayrel and
	Philippe Gaborit},
	title     = {A New Efficient Threshold Ring Signature Scheme Based on Coding Theory},
	booktitle = {PQCrypto 2008},
	series    = {LNCS},
	volume    = {5299},
	pages     = {1--16},
	publisher = {Springer},
	year      = {2008},
	url       = {https://doi.org/10.1007/978-3-540-88403-3\_1},
	doi       = {10.1007/978-3-540-88403-3\_1},
	timestamp = {Mon, 16 Nov 2020 15:55:50 +0100},
	biburl    = {https://dblp.org/rec/conf/pqcrypto/MelchorCG08.bib},
	bibsource = {dblp computer science bibliography, https://dblp.org}
}

@article{MelchorCGL11,
	author    = {Carlos Aguilar Melchor and
	Pierre{-}Louis Cayrel and
	Philippe Gaborit and
	Fabien Laguillaumie},
	title     = {A New Efficient Threshold Ring Signature Scheme Based on Coding Theory},
	journal   = {{IEEE} Trans. Inf. Theory},
	volume    = {57},
	number    = {7},
	pages     = {4833--4842},
	year      = {2011},
	url       = {https://doi.org/10.1109/TIT.2011.2145950},
	doi       = {10.1109/TIT.2011.2145950},
	timestamp = {Tue, 10 Mar 2020 10:45:56 +0100},
	biburl    = {https://dblp.org/rec/journals/tit/MelchorCGL11.bib},
	bibsource = {dblp computer science bibliography, https://dblp.org}
}

@inproceedings{DallotV09,
	author    = {L{\'{e}}onard Dallot and
	Damien Vergnaud},
	title     = {Provably Secure Code-Based Threshold Ring Signatures},
	booktitle = {IMACC 2009},
	series    = {LNCS},
	volume    = {5921},
	pages     = {222--235},
	publisher = {Springer},
	year      = {2009},
	url       = {https://doi.org/10.1007/978-3-642-10868-6\_13},
	doi       = {10.1007/978-3-642-10868-6\_13},
	timestamp = {Wed, 01 Sep 2021 10:36:08 +0200},
	biburl    = {https://dblp.org/rec/conf/ima/DallotV09.bib},
	bibsource = {dblp computer science bibliography, https://dblp.org}
}

@inproceedings{BrancoM18,
	author    = {Pedro Branco and
	Paulo Mateus},
	title     = {A Code-Based Linkable Ring Signature Scheme},
	booktitle = {ProvSec 2018},
	series    = {LNCS},
	volume    = {11192},
	pages     = {203--219},
	publisher = {Springer},
	year      = {2018},
	url       = {https://doi.org/10.1007/978-3-030-01446-9\_12},
	doi       = {10.1007/978-3-030-01446-9\_12},
	timestamp = {Wed, 25 Sep 2019 18:22:59 +0200},
	biburl    = {https://dblp.org/rec/conf/provsec/BrancoM18.bib},
	bibsource = {dblp computer science bibliography, https://dblp.org}
}

@inproceedings{EzermanLLNW15,
	author    = {Martianus Frederic Ezerman and
	Hyung Tae Lee and
	San Ling and
	Khoa Nguyen and
	Huaxiong Wang},
	title     = {A Provably Secure Group Signature Scheme from Code-Based Assumptions},
	booktitle = {{ASIACRYPT} 2015},
	series    = {LNCS},
	volume    = {9452},
	pages     = {260--285},
	publisher = {Springer},
	year      = {2015},
	url       = {https://doi.org/10.1007/978-3-662-48797-6\_12},
	doi       = {10.1007/978-3-662-48797-6\_12},
	timestamp = {Tue, 29 Dec 2020 18:32:49 +0100},
	biburl    = {https://dblp.org/rec/conf/asiacrypt/EzermanLLNW15.bib},
	bibsource = {dblp computer science bibliography, https://dblp.org}
}

@article{AlamelouBCG17,
	author    = {Quentin Alam{\'{e}}lou and
	Olivier Blazy and
	St{\'{e}}phane Cauchie and
	Philippe Gaborit},
	title     = {A code-based group signature scheme},
	journal   = {Des. Codes Cryptogr.},
	volume    = {82},
	number    = {1-2},
	pages     = {469--493},
	year      = {2017},
	url       = {https://doi.org/10.1007/s10623-016-0276-6},
	doi       = {10.1007/s10623-016-0276-6},
	timestamp = {Mon, 17 Jun 2019 13:42:10 +0200},
	biburl    = {https://dblp.org/rec/journals/dcc/AlamelouBCG17.bib},
	bibsource = {dblp computer science bibliography, https://dblp.org}
}

@inproceedings{NguyenSSWXZ21,
	author    = {Khoa Nguyen and
	Reihaneh Safavi{-}Naini and
	Willy Susilo and
	Huaxiong Wang and
	Yanhong Xu and
	Neng Zeng},
	title     = {Group Encryption: Full Dynamicity, Message Filtering and Code-Based
	Instantiation},
	booktitle = {{PKC} 2021},
	series    = {LNCS},
	volume    = {12711},
	pages     = {678--708},
	publisher = {Springer},
	year      = {2021},
	url       = {https://doi.org/10.1007/978-3-030-75248-4\_24},
	doi       = {10.1007/978-3-030-75248-4\_24},
	timestamp = {Thu, 14 Oct 2021 10:16:45 +0200},
	biburl    = {https://dblp.org/rec/conf/pkc/NguyenSSWXZ21.bib},
	bibsource = {dblp computer science bibliography, https://dblp.org}
}

@PHDThesis{Cramer97,
	title                = {Modular Design of Secure yet Practical Cryptographic Protocols},
	school = {Universiteit van Amsterdam},
	author               = {Cramer, Ronald},
	year                 = 1997,
	month                = jan
}

@inproceedings{BenhamoudaCKLN14,
	author    = {Fabrice Benhamouda and
	Jan Camenisch and
	Stephan Krenn and
	Vadim Lyubashevsky and
	Gregory Neven},
	title     = {Better Zero-Knowledge Proofs for Lattice Encryption and Their Application
	to Group Signatures},
	booktitle = {{ASIACRYPT} 2014},
	series    = {LNCS},
	volume    = {8873},
	pages     = {551--572},
	publisher = {Springer},
	year      = {2014},
	url       = {https://doi.org/10.1007/978-3-662-45611-8\_29},
	doi       = {10.1007/978-3-662-45611-8\_29},
	timestamp = {Tue, 14 May 2019 10:00:40 +0200},
	biburl    = {https://dblp.org/rec/conf/asiacrypt/BenhamoudaCKLN14.bib},
	bibsource = {dblp computer science bibliography, https://dblp.org}
}

@inproceedings{BrickellCDG87,
	author    = {Ernest F. Brickell and
	David Chaum and
	Ivan Damg{\aa}rd and
	Jeroen van de Graaf},
	title     = {Gradual and Verifiable Release of a Secret},
	booktitle = {{CRYPTO} 1987},
	series    = {LNCS},
	volume    = {293},
	pages     = {156--166},
	publisher = {Springer},
	year      = {1987},
	url       = {https://doi.org/10.1007/3-540-48184-2\_11},
	doi       = {10.1007/3-540-48184-2\_11},
	timestamp = {Tue, 14 May 2019 10:00:48 +0200},
	biburl    = {https://dblp.org/rec/conf/crypto/BrickellCDG87.bib},
	bibsource = {dblp computer science bibliography, https://dblp.org}
}

@inproceedings{CamenischL01,
	author    = {Jan Camenisch and
	Anna Lysyanskaya},
	title     = {An Efficient System for Non-transferable Anonymous Credentials with
	Optional Anonymity Revocation},
	booktitle = {{EUROCRYPT} 2001},
	series    = {LNCS},
	volume    = {2045},
	pages     = {93--118},
	publisher = {Springer},
	year      = {2001},
	url       = {https://doi.org/10.1007/3-540-44987-6\_7},
	doi       = {10.1007/3-540-44987-6\_7},
	timestamp = {Tue, 14 May 2019 10:00:53 +0200},
	biburl    = {https://dblp.org/rec/conf/eurocrypt/CamenischL01.bib},
	bibsource = {dblp computer science bibliography, https://dblp.org}
}

@inproceedings{LipmaaAN02,
	author    = {Helger Lipmaa and
	N. Asokan and
	Valtteri Niemi},
	title     = {Secure Vickrey Auctions without Threshold Trust},
	booktitle = {{FC} 2002},
	series    = {LNCS},
	volume    = {2357},
	pages     = {87--101},
	publisher = {Springer},
	year      = {2002},
	url       = {https://doi.org/10.1007/3-540-36504-4\_7},
	doi       = {10.1007/3-540-36504-4\_7},
	timestamp = {Tue, 14 May 2019 10:00:38 +0200},
	biburl    = {https://dblp.org/rec/conf/fc/LipmaaAN02.bib},
	bibsource = {dblp computer science bibliography, https://dblp.org}
}

@inproceedings{Groth05,
	author    = {Jens Groth},
	title     = {Non-interactive Zero-Knowledge Arguments for Voting},
	booktitle = {{ACNS} 2005},
	series    = {LNCS},
	volume    = {3531},
	pages     = {467--482},
	year      = {2005},
	url       = {https://doi.org/10.1007/11496137\_32},
	doi       = {10.1007/11496137\_32},
	timestamp = {Tue, 20 Aug 2019 15:27:32 +0200},
	biburl    = {https://dblp.org/rec/conf/acns/Groth05.bib},
	bibsource = {dblp computer science bibliography, https://dblp.org}
}

@inproceedings{CamenischHL05,
	author    = {Jan Camenisch and
	Susan Hohenberger and
	Anna Lysyanskaya},
	title     = {Compact E-Cash},
	booktitle = {{EUROCRYPT} 2005},
	series    = {LNCS},
	volume    = {3494},
	pages     = {302--321},
	publisher = {Springer},
	year      = {2005},
	url       = {https://doi.org/10.1007/11426639\_18},
	doi       = {10.1007/11426639\_18},
	timestamp = {Tue, 14 May 2019 10:00:53 +0200},
	biburl    = {https://dblp.org/rec/conf/eurocrypt/CamenischHL05.bib},
	bibsource = {dblp computer science bibliography, https://dblp.org}
}

@inproceedings{CamenischCS08,
	author    = {Jan Camenisch and
	Rafik Chaabouni and
	Abhi Shelat},
	title     = {Efficient Protocols for Set Membership and Range Proofs},
	booktitle = {{ASIACRYPT} 2008},
	series    = {LNCS},
	volume    = {5350},
	pages     = {234--252},
	publisher = {Springer},
	year      = {2008},
	url       = {https://doi.org/10.1007/978-3-540-89255-7\_15},
	doi       = {10.1007/978-3-540-89255-7\_15},
	timestamp = {Sun, 02 Jun 2019 21:16:53 +0200},
	biburl    = {https://dblp.org/rec/conf/asiacrypt/CamenischCS08.bib},
	bibsource = {dblp computer science bibliography, https://dblp.org}
}

@inproceedings{Lipmaa03,
	author    = {Helger Lipmaa},
	title     = {On Diophantine Complexity and Statistical Zero-Knowledge Arguments},
	booktitle = {{ASIACRYPT} 2003},
	series    = {LNCS},
	volume    = {2894},
	pages     = {398--415},
	publisher = {Springer},
	year      = {2003},
	url       = {https://doi.org/10.1007/978-3-540-40061-5\_26},
	doi       = {10.1007/978-3-540-40061-5\_26},
	timestamp = {Tue, 14 May 2019 10:00:40 +0200},
	biburl    = {https://dblp.org/rec/conf/asiacrypt/Lipmaa03.bib},
	bibsource = {dblp computer science bibliography, https://dblp.org}
}

@inproceedings{Groth11,
	author    = {Jens Groth},
	title     = {Efficient Zero-Knowledge Arguments from Two-Tiered Homomorphic Commitments},
	booktitle = {{ASIACRYPT} 2011},
	series    = {LNCS},
	volume    = {7073},
	pages     = {431--448},
	publisher = {Springer},
	year      = {2011},
	url       = {https://doi.org/10.1007/978-3-642-25385-0\_23},
	doi       = {10.1007/978-3-642-25385-0\_23},
	timestamp = {Tue, 14 May 2019 10:00:40 +0200},
	biburl    = {https://dblp.org/rec/conf/asiacrypt/Groth11.bib},
	bibsource = {dblp computer science bibliography, https://dblp.org}
}

@inproceedings{ChaabouniLZ12,
	author    = {Rafik Chaabouni and
	Helger Lipmaa and
	Bingsheng Zhang},
	title     = {A Non-interactive Range Proof with Constant Communication},
	booktitle = {{FC} 2012},
	series    = {LNCS},
	volume    = {7397},
	pages     = {179--199},
	publisher = {Springer},
	year      = {2012},
	url       = {https://doi.org/10.1007/978-3-642-32946-3\_14},
	doi       = {10.1007/978-3-642-32946-3\_14},
	timestamp = {Tue, 14 May 2019 10:00:38 +0200},
	biburl    = {https://dblp.org/rec/conf/fc/ChaabouniLZ12.bib},
	bibsource = {dblp computer science bibliography, https://dblp.org}
}

@inproceedings{CouteauPP17,
	author    = {Geoffroy Couteau and
	Thomas Peters and
	David Pointcheval},
	title     = {Removing the Strong {RSA} Assumption from Arguments over the Integers},
	booktitle = {{EUROCRYPT} 2017},
	series    = {LNCS},
	volume    = {10211},
	pages     = {321--350},
	publisher = {Springer},
	year      = {2017},
	url       = {https://doi.org/10.1007/978-3-319-56614-6\_11},
	doi       = {10.1007/978-3-319-56614-6\_11},
	timestamp = {Sun, 25 Oct 2020 22:43:16 +0100},
	biburl    = {https://dblp.org/rec/conf/eurocrypt/CouteauPP17.bib},
	bibsource = {dblp computer science bibliography, https://dblp.org}
}

@inproceedings{GonzalezR16,
	author    = {Alonso Gonz{\'{a}}lez and
	Carla R{\`{a}}fols},
	title     = {New Techniques for Non-interactive Shuffle and Range Arguments},
	booktitle = {{ACNS} 2016},
	series    = {LNCS},
	volume    = {9696},
	pages     = {427--444},
	publisher = {Springer},
	year      = {2016},
	url       = {https://doi.org/10.1007/978-3-319-39555-5\_23},
	doi       = {10.1007/978-3-319-39555-5\_23},
	timestamp = {Fri, 07 Aug 2020 17:57:32 +0200},
	biburl    = {https://dblp.org/rec/conf/acns/GonzalezR16.bib},
	bibsource = {dblp computer science bibliography, https://dblp.org}
}

@inproceedings{LibertLNW18,
	author    = {Beno{\^{\i}}t Libert and
	San Ling and
	Khoa Nguyen and
	Huaxiong Wang},
	title     = {Lattice-Based Zero-Knowledge Arguments for Integer Relations},
	booktitle = {{CRYPTO} 2018},
	series    = {LNCS},
	volume    = {10992},
	pages     = {700--732},
	publisher = {Springer},
	year      = {2018},
	url       = {https://doi.org/10.1007/978-3-319-96881-0\_24},
	doi       = {10.1007/978-3-319-96881-0\_24},
	timestamp = {Tue, 29 Dec 2020 18:27:36 +0100},
	biburl    = {https://dblp.org/rec/conf/crypto/LibertLNW18.bib},
	bibsource = {dblp computer science bibliography, https://dblp.org}
}

@inproceedings{EsginSLL19,
	author    = {Muhammed F. Esgin and
	Ron Steinfeld and
	Joseph K. Liu and
	Dongxi Liu},
	title     = {Lattice-Based Zero-Knowledge Proofs: New Techniques for Shorter and
	Faster Constructions and Applications},
	booktitle = {{CRYPTO} 2019},
	series    = {LNCS},
	volume    = {11692},
	pages     = {115--146},
	publisher = {Springer},
	year      = {2019},
	url       = {https://doi.org/10.1007/978-3-030-26948-7\_5},
	doi       = {10.1007/978-3-030-26948-7\_5},
	timestamp = {Fri, 09 Aug 2019 14:20:48 +0200},
	biburl    = {https://dblp.org/rec/conf/crypto/EsginSLL19.bib},
	bibsource = {dblp computer science bibliography, https://dblp.org}
}

@inproceedings{BootleCCGG16,
	author    = {Jonathan Bootle and
	Andrea Cerulli and
	Pyrros Chaidos and
	Essam Ghadafi and
	Jens Groth},
	title     = {Foundations of Fully Dynamic Group Signatures},
	booktitle = {{ACNS} 2016},
	series    = {LNCS},
	volume    = {9696},
	pages     = {117--136},
	publisher = {Springer},
	year      = {2016},
	url       = {https://doi.org/10.1007/978-3-319-39555-5\_7},
	doi       = {10.1007/978-3-319-39555-5\_7},
	timestamp = {Fri, 07 Aug 2020 17:57:32 +0200},
	biburl    = {https://dblp.org/rec/conf/acns/BootleCCGG16.bib},
	bibsource = {dblp computer science bibliography, https://dblp.org}
}

@article{LingNWX19,
	author    = {San Ling and
	Khoa Nguyen and
	Huaxiong Wang and
	Yanhong Xu},
	title     = {Lattice-based group signatures: Achieving full dynamicity (and deniability)
	with ease},
	journal   = {Theor. Comput. Sci.},
	volume    = {783},
	pages     = {71--94},
	year      = {2019},
	url       = {https://doi.org/10.1016/j.tcs.2019.03.023},
	doi       = {10.1016/j.tcs.2019.03.023},
	timestamp = {Tue, 29 Dec 2020 18:22:00 +0100},
	biburl    = {https://dblp.org/rec/journals/tcs/LingNWX19.bib},
	bibsource = {dblp computer science bibliography, https://dblp.org}
}

@inproceedings{OkamotoT11,
	author    = {Tatsuaki Okamoto and
	Katsuyuki Takashima},
	title     = {Efficient Attribute-Based Signatures for Non-monotone Predicates in
	the Standard Model},
	booktitle = {{PKC} 2011},
	series    = {LNCS},
	volume    = {6571},
	pages     = {35--52},
	publisher = {Springer},
	year      = {2011},
	url       = {https://doi.org/10.1007/978-3-642-19379-8\_3},
	doi       = {10.1007/978-3-642-19379-8\_3},
	timestamp = {Fri, 01 May 2020 18:32:25 +0200},
	biburl    = {https://dblp.org/rec/conf/pkc/OkamotoT11.bib},
	bibsource = {dblp computer science bibliography, https://dblp.org}
}

@article{OkamotoT14,
	author    = {Tatsuaki Okamoto and
	Katsuyuki Takashima},
	title     = {Efficient Attribute-Based Signatures for Non-Monotone Predicates in
	the Standard Model},
	journal   = {{IEEE} Trans. Cloud Comput.},
	volume    = {2},
	number    = {4},
	pages     = {409--421},
	year      = {2014},
	url       = {https://doi.org/10.1109/TCC.2014.2353053},
	doi       = {10.1109/TCC.2014.2353053},
	timestamp = {Sun, 21 Jun 2020 17:41:44 +0200},
	biburl    = {https://dblp.org/rec/journals/tcc/OkamotoT14.bib},
	bibsource = {dblp computer science bibliography, https://dblp.org}
}

@inproceedings{Tsabary17,
	author    = {Rotem Tsabary},
	title     = {An Equivalence Between Attribute-Based Signatures and Homomorphic
	Signatures, and New Constructions for Both},
	booktitle = {{TCC} 2017},
	series    = {LNCS},
	volume    = {10678},
	pages     = {489--518},
	publisher = {Springer},
	year      = {2017},
	url       = {https://doi.org/10.1007/978-3-319-70503-3\_16},
	doi       = {10.1007/978-3-319-70503-3\_16},
	timestamp = {Tue, 14 May 2019 10:00:47 +0200},
	biburl    = {https://dblp.org/rec/conf/tcc/Tsabary17.bib},
	bibsource = {dblp computer science bibliography, https://dblp.org}
}

@inproceedings{DattaOT19,
	author    = {Pratish Datta and
	Tatsuaki Okamoto and
	Katsuyuki Takashima},
	title     = {Efficient Attribute-Based Signatures for Unbounded Arithmetic Branching
	Programs},
	booktitle = {{PKC} 2019},
	series    = {LNCS},
	volume    = {11442},
	pages     = {127--158},
	publisher = {Springer},
	year      = {2019},
	url       = {https://doi.org/10.1007/978-3-030-17253-4\_5},
	doi       = {10.1007/978-3-030-17253-4\_5},
	timestamp = {Fri, 01 May 2020 18:32:25 +0200},
	biburl    = {https://dblp.org/rec/conf/pkc/DattaOT19.bib},
	bibsource = {dblp computer science bibliography, https://dblp.org}
}

@article{DattaOT21,
	author    = {Pratish Datta and
	Tatsuaki Okamoto and
	Katsuyuki Takashima},
	title     = {Efficient Attribute-Based Signatures for Unbounded Arithmetic Branching
	Programs},
	journal   = {{IEICE} Trans. Fundam. Electron. Commun. Comput. Sci.},
	volume    = {104-A},
	number    = {1},
	pages     = {25--57},
	year      = {2021},
	url       = {https://doi.org/10.1587/transfun.2020CIP0003},
	doi       = {10.1587/transfun.2020CIP0003},
	timestamp = {Mon, 18 Jan 2021 15:07:33 +0100},
	biburl    = {https://dblp.org/rec/journals/ieiceta/DattaOT21.bib},
	bibsource = {dblp computer science bibliography, https://dblp.org}
}

@inproceedings{SakaiKAH18,
	author    = {Yusuke Sakai and
	Shuichi Katsumata and
	Nuttapong Attrapadung and
	Goichiro Hanaoka},
	title     = {Attribute-Based Signatures for Unbounded Languages from Standard Assumptions},
	booktitle = {{ASIACRYPT} 2018},
	series    = {LNCS},
	volume    = {11273},
	pages     = {493--522},
	publisher = {Springer},
	year      = {2018},
	url       = {https://doi.org/10.1007/978-3-030-03329-3\_17},
	doi       = {10.1007/978-3-030-03329-3\_17},
	timestamp = {Tue, 14 May 2019 10:00:40 +0200},
	biburl    = {https://dblp.org/rec/conf/asiacrypt/0001KAH18.bib},
	bibsource = {dblp computer science bibliography, https://dblp.org}
}

@inproceedings{SakaiAH16,
	author    = {Yusuke Sakai and
	Nuttapong Attrapadung and
	Goichiro Hanaoka},
	title     = {Attribute-Based Signatures for Circuits from Bilinear Map},
	booktitle = {{PKC} 2016},
	series    = {LNCS},
	volume    = {9614},
	pages     = {283--300},
	publisher = {Springer},
	year      = {2016},
	url       = {https://doi.org/10.1007/978-3-662-49384-7\_11},
	doi       = {10.1007/978-3-662-49384-7\_11},
	timestamp = {Fri, 01 May 2020 18:32:25 +0200},
	biburl    = {https://dblp.org/rec/conf/pkc/SakaiAH16.bib},
	bibsource = {dblp computer science bibliography, https://dblp.org}
}

@inproceedings{KaafaraniK18,
	author    = {Ali {El Kaafarani} and
	Shuichi Katsumata},
	title     = {Attribute-Based Signatures for Unbounded Circuits in the {ROM} and
	Efficient Instantiations from Lattices},
	booktitle = {{PKC} 2018},
	series    = {LNCS},
	volume    = {10770},
	pages     = {89--119},
	publisher = {Springer},
	year      = {2018},
	url       = {https://doi.org/10.1007/978-3-319-76581-5\_4},
	doi       = {10.1007/978-3-319-76581-5\_4},
	timestamp = {Fri, 01 May 2020 18:32:25 +0200},
	biburl    = {https://dblp.org/rec/conf/pkc/KaafaraniK18.bib},
	bibsource = {dblp computer science bibliography, https://dblp.org}
}

@inproceedings{OkamotoT13,
	author    = {Tatsuaki Okamoto and
	Katsuyuki Takashima},
	title     = {Decentralized Attribute-Based Signatures},
	booktitle = {{PKC} 2013},
	series    = {LNCS},
	volume    = {7778},
	pages     = {125--142},
	publisher = {Springer},
	year      = {2013},
	url       = {https://doi.org/10.1007/978-3-642-36362-7\_9},
	doi       = {10.1007/978-3-642-36362-7\_9},
	timestamp = {Fri, 01 May 2020 18:32:25 +0200},
	biburl    = {https://dblp.org/rec/conf/pkc/OkamotoT13.bib},
	bibsource = {dblp computer science bibliography, https://dblp.org}
}

@inproceedings{EscalaHM11,
	author    = {Alex Escala and
	Javier Herranz and
	Paz Morillo},
	title     = {Revocable Attribute-Based Signatures with Adaptive Security in the
	Standard Model},
	booktitle = {{AFRICACRYPT} 2011},
	series    = {LNCS},
	volume    = {6737},
	pages     = {224--241},
	publisher = {Springer},
	year      = {2011},
	url       = {https://doi.org/10.1007/978-3-642-21969-6\_14},
	doi       = {10.1007/978-3-642-21969-6\_14},
	timestamp = {Fri, 27 Mar 2020 08:49:47 +0100},
	biburl    = {https://dblp.org/rec/conf/africacrypt/EscalaHM11.bib},
	bibsource = {dblp computer science bibliography, https://dblp.org}
}

@inproceedings{KaafaraniGK14,
	author    = {Ali {El Kaafarani} and
	Essam Ghadafi and
	Dalia Khader},
	title     = {Decentralized Traceable Attribute-Based Signatures},
	booktitle = {{CT-RSA} 2014},
	series    = {LNCS},
	volume    = {8366},
	pages     = {327--348},
	publisher = {Springer},
	year      = {2014},
	url       = {https://doi.org/10.1007/978-3-319-04852-9\_17},
	doi       = {10.1007/978-3-319-04852-9\_17},
	timestamp = {Tue, 14 May 2019 10:00:52 +0200},
	biburl    = {https://dblp.org/rec/conf/ctrsa/KaafaraniGK14.bib},
	bibsource = {dblp computer science bibliography, https://dblp.org}
}

@inproceedings{KaafaraniCGD14,
	author    = {Ali {El Kaafarani} and
	Liqun Chen and
	Essam Ghadafi and
	James H. Davenport},
	title     = {Attribute-Based Signatures with User-Controlled Linkability},
	booktitle = {{CANS} 2014},
	series    = {LNCS},
	volume    = {8813},
	pages     = {256--269},
	publisher = {Springer},
	year      = {2014},
	url       = {https://doi.org/10.1007/978-3-319-12280-9\_17},
	doi       = {10.1007/978-3-319-12280-9\_17},
	timestamp = {Sat, 19 Oct 2019 20:02:12 +0200},
	biburl    = {https://dblp.org/rec/conf/cans/KaafaraniCGD14.bib},
	bibsource = {dblp computer science bibliography, https://dblp.org}
}

@inproceedings{UrquidiKLC15,
	author    = {Miguel Urquidi and
	Dalia Khader and
	Jean Lancrenon and
	Liqun Chen},
	title     = {Attribute-Based Signatures with Controllable Linkability},
	booktitle = {{INTRUST} 2015},
	series    = {LNCS},
	volume    = {9565},
	pages     = {114--129},
	publisher = {Springer},
	year      = {2015},
	url       = {https://doi.org/10.1007/978-3-319-31550-8\_8},
	doi       = {10.1007/978-3-319-31550-8\_8},
	timestamp = {Tue, 14 May 2019 10:00:52 +0200},
	biburl    = {https://dblp.org/rec/conf/intrust/UrquidiKLC15.bib},
	bibsource = {dblp computer science bibliography, https://dblp.org}
}

@inproceedings{YuenLHASZ12,
	author    = {Tsz Hon Yuen and
	Joseph K. Liu and
	Xinyi Huang and
	Man Ho Au and
	Willy Susilo and
	Jianying Zhou},
	title     = {Forward Secure Attribute-Based Signatures},
	booktitle = {{ICICS} 2012},
	series    = {LNCS},
	volume    = {7618},
	pages     = {167--177},
	publisher = {Springer},
	year      = {2012},
	url       = {https://doi.org/10.1007/978-3-642-34129-8\_15},
	doi       = {10.1007/978-3-642-34129-8\_15},
	timestamp = {Thu, 14 Oct 2021 10:13:22 +0200},
	biburl    = {https://dblp.org/rec/conf/icics/YuenLHASZ12.bib},
	bibsource = {dblp computer science bibliography, https://dblp.org}
}

@inproceedings{DraganGM18,
	author    = {Constantin Catalin Dragan and
	Daniel Gardham and
	Mark Manulis},
	title     = {Hierarchical Attribute-Based Signatures},
	booktitle = {{CANS} 2018},
	series    = {LNCS},
	volume    = {11124},
	pages     = {213--234},
	publisher = {Springer},
	year      = {2018},
	url       = {https://doi.org/10.1007/978-3-030-00434-7\_11},
	doi       = {10.1007/978-3-030-00434-7\_11},
	timestamp = {Fri, 09 Apr 2021 18:37:34 +0200},
	biburl    = {https://dblp.org/rec/conf/cans/DraganGM18.bib},
	bibsource = {dblp computer science bibliography, https://dblp.org}
}

@inproceedings{GardhamM19,
	author    = {Daniel Gardham and
	Mark Manulis},
	title     = {Hierarchical Attribute-Based Signatures: Short Keys and Optimal Signature
	Length},
	booktitle = {{ACNS} 2019},
	series    = {LNCS},
	volume    = {11464},
	pages     = {89--109},
	publisher = {Springer},
	year      = {2019},
	url       = {https://doi.org/10.1007/978-3-030-21568-2\_5},
	doi       = {10.1007/978-3-030-21568-2\_5},
	timestamp = {Wed, 25 Sep 2019 18:14:20 +0200},
	biburl    = {https://dblp.org/rec/conf/acns/GardhamM19.bib},
	bibsource = {dblp computer science bibliography, https://dblp.org}
}

@inproceedings{LianXH13,
	author    = {Yanling Lian and
	Li Xu and
	Xinyi Huang},
	title     = {Attribute-Based Signatures with Efficient Revocation},
	booktitle = {{INCoS} 2013},
	pages     = {573--577},
	publisher = {{IEEE}},
	year      = {2013},
	url       = {https://doi.org/10.1109/INCoS.2013.106},
	doi       = {10.1109/INCoS.2013.106},
	timestamp = {Wed, 16 Oct 2019 14:14:53 +0200},
	biburl    = {https://dblp.org/rec/conf/incos/LianXH13.bib},
	bibsource = {dblp computer science bibliography, https://dblp.org}
}

@inproceedings{TateV15,
	author    = {Stephen R. Tate and
	Roopa Vishwanathan},
	title     = {Expiration and Revocation of Keys for Attribute-Based Signatures},
	booktitle = {{DBSec} 2015},
	series    = {LNCS},
	volume    = {9149},
	pages     = {153--169},
	publisher = {Springer},
	year      = {2015},
	url       = {https://doi.org/10.1007/978-3-319-20810-7\_10},
	doi       = {10.1007/978-3-319-20810-7\_10},
	timestamp = {Tue, 20 Aug 2019 15:28:04 +0200},
	biburl    = {https://dblp.org/rec/conf/dbsec/TateV15.bib},
	bibsource = {dblp computer science bibliography, https://dblp.org}
}

@inproceedings{WeiHHL15,
	author    = {Jianghong Wei and
	Xinyi Huang and
	Xuexian Hu and
	Wenfen Liu},
	title     = {Revocable Threshold Attribute-Based Signature against Signing Key
	Exposure},
	booktitle = {{ISPEC} 2015},
	series    = {LNCS},
	volume    = {9065},
	pages     = {316--330},
	publisher = {Springer},
	year      = {2015},
	url       = {https://doi.org/10.1007/978-3-319-17533-1\_22},
	doi       = {10.1007/978-3-319-17533-1\_22},
	timestamp = {Thu, 29 Aug 2019 08:10:02 +0200},
	biburl    = {https://dblp.org/rec/conf/ispec/WeiHHL15.bib},
	bibsource = {dblp computer science bibliography, https://dblp.org}
}

@article{BicerK19,
	author    = {Osman Bi{\c{c}}er and
	Alptekin K{\"{u}}p{\c{c}}{\"{u}}},
	title     = {Versatile {ABS:} Usage Limited, Revocable, Threshold Traceable, Authority
	Hiding, Decentralized Attribute Based Signatures},
	journal   = {{IACR} Cryptol. ePrint Arch.},
	pages     = {203},
	year      = {2019},
	url       = {https://eprint.iacr.org/2019/203},
	timestamp = {Mon, 11 May 2020 15:57:12 +0200},
	biburl    = {https://dblp.org/rec/journals/iacr/BicerK19.bib},
	bibsource = {dblp computer science bibliography, https://dblp.org}
}

@article{SuZXL20,
	author    = {Qianqian Su and
	Rui Zhang and
	Rui Xue and
	Pengchao Li},
	title     = {Revocable Attribute-Based Signature for Blockchain-Based Healthcare
	System},
	journal   = {{IEEE} Access},
	volume    = {8},
	pages     = {127884--127896},
	year      = {2020},
	url       = {https://doi.org/10.1109/ACCESS.2020.3007691},
	doi       = {10.1109/ACCESS.2020.3007691},
	timestamp = {Fri, 31 Jul 2020 17:06:26 +0200},
	biburl    = {https://dblp.org/rec/journals/access/SuZXL20.bib},
	bibsource = {dblp computer science bibliography, https://dblp.org}
}

@inproceedings{ChaumH91,
	author    = {David Chaum and
	Eug{\`{e}}ne van Heyst},
	title     = {Group Signatures},
	booktitle = {{EUROCRYPT} 1991},
	series    = {LNCS},
	volume    = {547},
	pages     = {257--265},
	publisher = {Springer},
	year      = {1991},
	url       = {https://doi.org/10.1007/3-540-46416-6\_22},
	doi       = {10.1007/3-540-46416-6\_22},
	timestamp = {Tue, 14 May 2019 10:00:53 +0200},
	biburl    = {https://dblp.org/rec/conf/eurocrypt/ChaumH91.bib},
	bibsource = {dblp computer science bibliography, https://dblp.org}
}

@inproceedings{LibertPY12EC,
	author    = {Beno{\^{\i}}t Libert and
	Thomas Peters and
	Moti Yung},
	title     = {Scalable Group Signatures with Revocation},
	booktitle = {{EUROCRYPT} 2012},
	series    = {LNCS},
	volume    = {7237},
	pages     = {609--627},
	publisher = {Springer},
	year      = {2012},
	url       = {https://doi.org/10.1007/978-3-642-29011-4\_36},
	doi       = {10.1007/978-3-642-29011-4\_36},
	timestamp = {Tue, 14 May 2019 10:00:53 +0200},
	biburl    = {https://dblp.org/rec/conf/eurocrypt/LibertPY12.bib},
	bibsource = {dblp computer science bibliography, https://dblp.org}
}

@inproceedings{LibertPY12Crypto,
	author    = {Beno{\^{\i}}t Libert and
	Thomas Peters and
	Moti Yung},
	title     = {Group Signatures with Almost-for-Free Revocation},
	booktitle = {{CRYPTO} 2012},
	series    = {LNCS},
	volume    = {7417},
	pages     = {571--589},
	publisher = {Springer},
	year      = {2012},
	url       = {https://doi.org/10.1007/978-3-642-32009-5\_34},
	doi       = {10.1007/978-3-642-32009-5\_34},
	timestamp = {Tue, 14 May 2019 10:00:48 +0200},
	biburl    = {https://dblp.org/rec/conf/crypto/LibertPY12.bib},
	bibsource = {dblp computer science bibliography, https://dblp.org}
}

@article{Herranz14,
	author    = {Javier Herranz},
	title     = {Attribute-based signatures from {RSA}},
	journal   = {Theor. Comput. Sci.},
	volume    = {527},
	pages     = {73--82},
	year      = {2014},
	url       = {https://doi.org/10.1016/j.tcs.2014.01.028},
	doi       = {10.1016/j.tcs.2014.01.028},
	timestamp = {Wed, 17 Feb 2021 21:58:12 +0100},
	biburl    = {https://dblp.org/rec/journals/tcs/Herranz14.bib},
	bibsource = {dblp computer science bibliography, https://dblp.org}
}

@article{BansarkhaniK16,
	author    = {Rachid El Bansarkhani and
	Ali {El Kaafarani}},
	title     = {Post-Quantum Attribute-Based Signatures from Lattice Assumptions},
	journal   = {{IACR} Cryptol. ePrint Arch.},
	pages     = {823},
	year      = {2016},
	url       = {http://eprint.iacr.org/2016/823},
	timestamp = {Mon, 11 May 2020 15:58:22 +0200},
	biburl    = {https://dblp.org/rec/journals/iacr/BansarkhaniK16.bib},
	bibsource = {dblp computer science bibliography, https://dblp.org}
}

@inproceedings{ZhangLHZJ19,
	author    = {Yanhua Zhang and
	Ximeng Liu and
	Yupu Hu and
	Qikun Zhang and
	Huiwen Jia},
	title     = {Attribute-Based Signatures for Inner-Product Predicate from Lattices},
	booktitle = {{CSS} 2019},
	series    = {LNCS},
	volume    = {11982},
	pages     = {173--185},
	publisher = {Springer},
	year      = {2019},
	url       = {https://doi.org/10.1007/978-3-030-37337-5\_14},
	doi       = {10.1007/978-3-030-37337-5\_14},
	timestamp = {Wed, 08 Jan 2020 15:12:41 +0100},
	biburl    = {https://dblp.org/rec/conf/css/ZhangLHZJ19.bib},
	bibsource = {dblp computer science bibliography, https://dblp.org}
}

@inproceedings{RivestST01,
	author    = {Ronald L. Rivest and
	Adi Shamir and
	Yael Tauman},
	title     = {How to Leak a Secret},
	booktitle = {{ASIACRYPT} 2001},
	series    = {LNCS},
	volume    = {2248},
	pages     = {552--565},
	publisher = {Springer},
	year      = {2001},
	url       = {https://doi.org/10.1007/3-540-45682-1\_32},
	doi       = {10.1007/3-540-45682-1\_32},
	timestamp = {Tue, 01 Jun 2021 15:22:33 +0200},
	biburl    = {https://dblp.org/rec/conf/asiacrypt/RivestST01.bib},
	bibsource = {dblp computer science bibliography, https://dblp.org}
}

@inproceedings{BenderKM06,
	author    = {Adam Bender and
	Jonathan Katz and
	Ruggero Morselli},
	title     = {Ring Signatures: Stronger Definitions, and Constructions Without Random
	Oracles},
	booktitle = {{TCC} 2006},
	series    = {LNCS},
	volume    = {3876},
	pages     = {60--79},
	publisher = {Springer},
	year      = {2006},
	url       = {https://doi.org/10.1007/11681878\_4},
	doi       = {10.1007/11681878\_4},
	timestamp = {Tue, 14 May 2019 10:00:47 +0200},
	biburl    = {https://dblp.org/rec/conf/tcc/BenderKM06.bib},
	bibsource = {dblp computer science bibliography, https://dblp.org}
}

@article{BenderKM09,
	author    = {Adam Bender and
	Jonathan Katz and
	Ruggero Morselli},
	title     = {Ring Signatures: Stronger Definitions, and Constructions without Random
	Oracles},
	journal   = {J. Cryptol.},
	volume    = {22},
	number    = {1},
	pages     = {114--138},
	year      = {2009},
	url       = {https://doi.org/10.1007/s00145-007-9011-9},
	doi       = {10.1007/s00145-007-9011-9},
	timestamp = {Fri, 18 Sep 2020 11:17:25 +0200},
	biburl    = {https://dblp.org/rec/journals/joc/BenderKM09.bib},
	bibsource = {dblp computer science bibliography, https://dblp.org}
}

@inproceedings{LiuWW04,
	author    = {Joseph K. Liu and
	Victor K. Wei and
	Duncan S. Wong},
	title     = {Linkable Spontaneous Anonymous Group Signature for Ad Hoc Groups (Extended
	Abstract)},
	booktitle = {{ACISP} 2004},
	series    = {LNCS},
	volume    = {3108},
	pages     = {325--335},
	publisher = {Springer},
	year      = {2004},
	url       = {https://doi.org/10.1007/978-3-540-27800-9\_28},
	doi       = {10.1007/978-3-540-27800-9\_28},
	timestamp = {Tue, 14 May 2019 10:00:46 +0200},
	biburl    = {https://dblp.org/rec/conf/acisp/LiuWW04.bib},
	bibsource = {dblp computer science bibliography, https://dblp.org}
}

@inproceedings{FujisakiS07,
	author    = {Eiichiro Fujisaki and
	Koutarou Suzuki},
	title     = {Traceable Ring Signature},
	booktitle = {{PKC} 2007},
	series    = {LNCS},
	volume    = {4450},
	pages     = {181--200},
	publisher = {Springer},
	year      = {2007},
	url       = {https://doi.org/10.1007/978-3-540-71677-8\_13},
	doi       = {10.1007/978-3-540-71677-8\_13},
	timestamp = {Fri, 01 May 2020 18:32:25 +0200},
	biburl    = {https://dblp.org/rec/conf/pkc/FujisakiS07.bib},
	bibsource = {dblp computer science bibliography, https://dblp.org}
}

@article{FujisakiS08,
	author    = {Eiichiro Fujisaki and
	Koutarou Suzuki},
	title     = {Traceable Ring Signature},
	journal   = {{IEICE} Trans. Fundam. Electron. Commun. Comput. Sci.},
	volume    = {91-A},
	number    = {1},
	pages     = {83--93},
	year      = {2008},
	url       = {https://doi.org/10.1093/ietfec/e91-a.1.83},
	doi       = {10.1093/ietfec/e91-a.1.83},
	timestamp = {Sat, 11 Apr 2020 13:30:19 +0200},
	biburl    = {https://dblp.org/rec/journals/ieicet/FujisakiS08.bib},
	bibsource = {dblp computer science bibliography, https://dblp.org}
}

@inproceedings{BernsteinLPS11,
	author    = {Daniel J. Bernstein and
	Tanja Lange and
	Christiane Peters and
	Peter Schwabe},
	title     = {Faster 2-Regular Information-Set Decoding},
	booktitle = {{IWCC} 2011},
	series    = {LNCS},
	volume    = {6639},
	pages     = {81--98},
	publisher = {Springer},
	year      = {2011},
	url       = {https://doi.org/10.1007/978-3-642-20901-7\_5},
	doi       = {10.1007/978-3-642-20901-7\_5},
	timestamp = {Tue, 14 May 2019 10:00:39 +0200},
	biburl    = {https://dblp.org/rec/conf/codcry/BernsteinLPS11.bib},
	bibsource = {dblp computer science bibliography, https://dblp.org}
}

@inproceedings{Groth04,
	author    = {Jens Groth},
	title     = {Evaluating Security of Voting Schemes in the Universal Composability
	Framework},
	booktitle = {{ACNS} 2004},
	series    = {LNCS},
	volume    = {3089},
	pages     = {46--60},
	publisher = {Springer},
	year      = {2004},
	url       = {https://doi.org/10.1007/978-3-540-24852-1\_4},
	doi       = {10.1007/978-3-540-24852-1\_4},
	timestamp = {Tue, 14 May 2019 10:00:54 +0200},
	biburl    = {https://dblp.org/rec/conf/acns/Groth04.bib},
	bibsource = {dblp computer science bibliography, https://dblp.org}
}

@article{NguyenTWZ19eprint,
	author    = {Khoa Nguyen and
	Hanh Tang and
	Huaxiong Wang and
	Neng Zeng},
	title     = {New Code-Based Privacy-Preserving Cryptographic Constructions},
	journal   = {{IACR} Cryptol. ePrint Arch.},
	pages     = {513},
	year      = {2019},
	url       = {https://eprint.iacr.org/2019/513},
	timestamp = {Mon, 11 May 2020 15:58:29 +0200},
	biburl    = {https://dblp.org/rec/journals/iacr/NguyenTWZ19.bib},
	bibsource = {dblp computer science bibliography, https://dblp.org}
}

@ARTICLE{McEliece78,
	author = {{McEliece}, R.~J.},
	title = "{A Public-Key Cryptosystem Based On Algebraic Coding Theory}",
	journal = {Deep Space Network Progress Report},
	year = 1978,
	month = jan,
	volume = {44},
	pages = {114-116},
	adsurl = {https://ui.adsabs.harvard.edu/abs/1978DSNPR..44..114M},
	adsnote = {Provided by the SAO/NASA Astrophysics Data System}
}

@article{NojimaIKM08,
	author    = {Ryo Nojima and
	Hideki Imai and
	Kazukuni Kobara and
	Kirill Morozov},
	title     = {Semantic security for the McEliece cryptosystem without random oracles},
	journal   = {Des. Codes Cryptogr.},
	volume    = {49},
	number    = {1-3},
	pages     = {289--305},
	year      = {2008},
	url       = {https://doi.org/10.1007/s10623-008-9175-9},
	doi       = {10.1007/s10623-008-9175-9},
	timestamp = {Mon, 17 Jun 2019 13:43:10 +0200},
	biburl    = {https://dblp.org/rec/journals/dcc/NojimaIKM08.bib},
	bibsource = {dblp computer science bibliography, https://dblp.org}
}

@article{Nie86,
	author = {H. Niederreiter},
	title = {Knapsack-type Cryptosystems and Algebraic Coding Theory},
	year = {1986},
	journal = {Problems of Control and Information Theory},
	pages = {15(2):159--166}
}

@inproceedings{LingNPTW21,
	author    = {San Ling and
	Khoa Nguyen and
	Duong Hieu Phan and
	Hanh Tang and
	Huaxiong Wang},
	title     = {Zero-Knowledge Proofs for Committed Symmetric Boolean Functions},
	booktitle = {{PQCrypto} 2021},
	series    = {LNCS},
	volume    = {12841},
	pages     = {339--359},
	publisher = {Springer},
	year      = {2021},
	url       = {https://doi.org/10.1007/978-3-030-81293-5\_18},
	doi       = {10.1007/978-3-030-81293-5\_18},
	timestamp = {Thu, 14 Oct 2021 09:47:59 +0200},
	biburl    = {https://dblp.org/rec/conf/pqcrypto/LingNPTW21.bib},
	bibsource = {dblp computer science bibliography, https://dblp.org}
}

@inproceedings{Shor94,
	author    = {Peter W. Shor},
	title     = {Algorithms for Quantum Computation: Discrete Logarithms and Factoring},
	booktitle = {FOCS 1994},
	pages     = {124--134},
	publisher = {{IEEE} Computer Society},
	year      = {1994},
	url       = {https://doi.org/10.1109/SFCS.1994.365700},
	doi       = {10.1109/SFCS.1994.365700},
	timestamp = {Wed, 16 Oct 2019 14:14:54 +0200},
	biburl    = {https://dblp.org/rec/conf/focs/Shor94.bib},
	bibsource = {dblp computer science bibliography, https://dblp.org}
}

@article{RivestSA78,
	author    = {Ronald L. Rivest and
	Adi Shamir and
	Leonard M. Adleman},
	title     = {A Method for Obtaining Digital Signatures and Public-Key Cryptosystems},
	journal   = {Commun. {ACM}},
	volume    = {21},
	number    = {2},
	pages     = {120--126},
	year      = {1978},
	url       = {http://doi.acm.org/10.1145/359340.359342},
	doi       = {10.1145/359340.359342},
	timestamp = {Wed, 14 Nov 2018 10:22:34 +0100},
	biburl    = {https://dblp.org/rec/journals/cacm/RivestSA78.bib},
	bibsource = {dblp computer science bibliography, https://dblp.org}
}

@article{Elgamal85,
	author    = {Taher El Gamal},
	title     = {A public key cryptosystem and a signature scheme based on discrete
	logarithms},
	journal   = {{IEEE} Trans. Inf. Theory},
	volume    = {31},
	number    = {4},
	pages     = {469--472},
	year      = {1985},
	url       = {https://doi.org/10.1109/TIT.1985.1057074},
	doi       = {10.1109/TIT.1985.1057074},
	timestamp = {Tue, 10 Mar 2020 10:47:50 +0100},
	biburl    = {https://dblp.org/rec/journals/tit/Elgamal85.bib},
	bibsource = {dblp computer science bibliography, https://dblp.org}
}

@inproceedings{Miller85,
	author    = {Victor S. Miller},
	title     = {Use of Elliptic Curves in Cryptography},
	booktitle = {{CRYPTO} 1985},
	series    = {LNCS},
	volume    = {218},
	pages     = {417--426},
	publisher = {Springer},
	year      = {1985},
	url       = {https://doi.org/10.1007/3-540-39799-X\_31},
	doi       = {10.1007/3-540-39799-X\_31},
	timestamp = {Tue, 14 May 2019 10:00:48 +0200},
	biburl    = {https://dblp.org/rec/conf/crypto/Miller85.bib},
	bibsource = {dblp computer science bibliography, https://dblp.org}
}

@inproceedings{Grover96,
	author    = {Lov K. Grover},
	title     = {A Fast Quantum Mechanical Algorithm for Database Search},
	booktitle = {STOC 1996},
	pages     = {212--219},
	publisher = {{ACM}},
	year      = {1996},
	url       = {https://doi.org/10.1145/237814.237866},
	doi       = {10.1145/237814.237866},
	timestamp = {Mon, 26 Nov 2018 15:05:57 +0100},
	biburl    = {https://dblp.org/rec/conf/stoc/Grover96.bib},
	bibsource = {dblp computer science bibliography, https://dblp.org}
}

@PhdThesis{Dottling14,
	author    = {N.~D{\"{o}}ttling},
	title =	 {Cryptography based on the hardness of decoding},
	school = {Karlsruhe Institute of Technology},
	year =	 {2014},
	Note = {Available at \url{https://crypto.iti.kit.edu/fileadmin/User/Doettling/thesis.pdf}.}
}

@inproceedings{Lyubashevsky12,
	author    = {Vadim Lyubashevsky},
	title     = {Lattice Signatures without Trapdoors},
	booktitle = {{EUROCRYPT} 2012},
	series    = {LNCS},
	volume    = {7237},
	pages     = {738--755},
	publisher = {Springer},
	year      = {2012},
	url       = {https://doi.org/10.1007/978-3-642-29011-4\_43},
	doi       = {10.1007/978-3-642-29011-4\_43},
	timestamp = {Tue, 14 May 2019 10:00:53 +0200},
	biburl    = {https://dblp.org/rec/conf/eurocrypt/Lyubashevsky12.bib},
	bibsource = {dblp computer science bibliography, https://dblp.org}
}

@inproceedings{Debris-AlazardS19,
	author    = {Thomas Debris{-}Alazard and
	Nicolas Sendrier and
	Jean{-}Pierre Tillich},
	title     = {Wave: {A} New Family of Trapdoor One-Way Preimage Sampleable Functions
	Based on Codes},
	booktitle = {{ASIACRYPT} 2019},
	series    = {LNCS},
	volume    = {11921},
	pages     = {21--51},
	publisher = {Springer},
	year      = {2019},
	url       = {https://doi.org/10.1007/978-3-030-34578-5\_2},
	doi       = {10.1007/978-3-030-34578-5\_2},
	timestamp = {Tue, 26 Nov 2019 14:13:27 +0100},
	biburl    = {https://dblp.org/rec/conf/asiacrypt/Debris-AlazardS19.bib},
	bibsource = {dblp computer science bibliography, https://dblp.org}
}

@inproceedings{DavidDN14,
	author    = {Bernardo David and
	Rafael Dowsley and
	Anderson C. A. Nascimento},
	title     = {Universally Composable Oblivious Transfer Based on a Variant of {LPN}},
	booktitle = {{CANS} 2014},
	series    = {LNCS},
	volume    = {8813},
	pages     = {143--158},
	publisher = {Springer},
	year      = {2014},
	url       = {https://doi.org/10.1007/978-3-319-12280-9\_10},
	doi       = {10.1007/978-3-319-12280-9\_10},
	timestamp = {Thu, 14 Oct 2021 09:52:15 +0200},
	biburl    = {https://dblp.org/rec/conf/cans/DavidDN14.bib},
	bibsource = {dblp computer science bibliography, https://dblp.org}
}

@inproceedings{ApplebaumCPS09,
	author    = {Benny Applebaum and
	David Cash and
	Chris Peikert and
	Amit Sahai},
	title     = {Fast Cryptographic Primitives and Circular-Secure Encryption Based
	on Hard Learning Problems},
	booktitle = {{CRYPTO} 2009},
	series    = {LNCS},
	volume    = {5677},
	pages     = {595--618},
	publisher = {Springer},
	year      = {2009},
	url       = {https://doi.org/10.1007/978-3-642-03356-8\_35},
	doi       = {10.1007/978-3-642-03356-8\_35},
	timestamp = {Tue, 14 May 2019 10:00:48 +0200},
	biburl    = {https://dblp.org/rec/conf/crypto/ApplebaumCPS09.bib},
	bibsource = {dblp computer science bibliography, https://dblp.org}
}

@inproceedings{Ben-SassonCG0MTV14,
	author    = {Eli Ben{-}Sasson and
	Alessandro Chiesa and
	Christina Garman and
	Matthew Green and
	Ian Miers and
	Eran Tromer and
	Madars Virza},
	title     = {Zerocash: Decentralized Anonymous Payments from Bitcoin},
	booktitle = {{IEEE SP} 2014},
	pages     = {459--474},
	publisher = {{IEEE} Computer Society},
	year      = {2014},
	url       = {https://doi.org/10.1109/SP.2014.36},
	doi       = {10.1109/SP.2014.36},
	timestamp = {Wed, 16 Oct 2019 14:14:51 +0200},
	biburl    = {https://dblp.org/rec/conf/sp/Ben-SassonCG0MTV14.bib},
	bibsource = {dblp computer science bibliography, https://dblp.org}
}

@article{Stern96,
	author    = {Jacques Stern},
	title     = {A new paradigm for public key identification},
	journal   = {{IEEE} Trans. Inf. Theory},
	volume    = {42},
	number    = {6},
	pages     = {1757--1768},
	year      = {1996},
	url       = {https://doi.org/10.1109/18.556672},
	doi       = {10.1109/18.556672},
	timestamp = {Tue, 10 Mar 2020 10:49:01 +0100},
	biburl    = {https://dblp.org/rec/journals/tit/Stern96.bib},
	bibsource = {dblp computer science bibliography, https://dblp.org}
}

@inproceedings{CourtoisFS01,
	author    = {Nicolas T. Courtois and
	Matthieu Finiasz and
	Nicolas Sendrier},
	title     = {How to Achieve a McEliece-Based Digital Signature Scheme},
	booktitle = {{ASIACRYPT} 2001},
	series    = {LNCS},
	volume    = {2248},
	pages     = {157--174},
	publisher = {Springer},
	year      = {2001},
	url       = {https://doi.org/10.1007/3-540-45682-1\_10},
	doi       = {10.1007/3-540-45682-1\_10},
	timestamp = {Tue, 01 Jun 2021 15:22:33 +0200},
	biburl    = {https://dblp.org/rec/conf/asiacrypt/CourtoisFS01.bib},
	bibsource = {dblp computer science bibliography, https://dblp.org}
}

@inproceedings{FaugereGOPT11,
	author    = {Jean{-}Charles Faug{\`{e}}re and
	Val{\'{e}}rie Gauthier{-}Uma{\~{n}}a and
	Ayoub Otmani and
	Ludovic Perret and
	Jean{-}Pierre Tillich},
	title     = {A distinguisher for high rate McEliece cryptosystems},
	booktitle = {{IEEE ITW} 2011},
	pages     = {282--286},
	publisher = {{IEEE}},
	year      = {2011},
	url       = {https://doi.org/10.1109/ITW.2011.6089437},
	doi       = {10.1109/ITW.2011.6089437},
	timestamp = {Wed, 16 Oct 2019 14:14:51 +0200},
	biburl    = {https://dblp.org/rec/conf/itw/FaugereGOPT11.bib},
	bibsource = {dblp computer science bibliography, https://dblp.org}
}

@article{FaugereGOPT13,
	author    = {Jean{-}Charles Faug{\`{e}}re and
	Val{\'{e}}rie Gauthier{-}Uma{\~{n}}a and
	Ayoub Otmani and
	Ludovic Perret and
	Jean{-}Pierre Tillich},
	title     = {A Distinguisher for High-Rate McEliece Cryptosystems},
	journal   = {{IEEE} Trans. Inf. Theory},
	volume    = {59},
	number    = {10},
	pages     = {6830--6844},
	year      = {2013},
	url       = {https://doi.org/10.1109/TIT.2013.2272036},
	doi       = {10.1109/TIT.2013.2272036},
	timestamp = {Tue, 10 Mar 2020 10:48:28 +0100},
	biburl    = {https://dblp.org/rec/journals/tit/FaugereGOPT13.bib},
	bibsource = {dblp computer science bibliography, https://dblp.org}
}

@inproceedings{Finiasz10,
	author    = {Matthieu Finiasz},
	title     = {Parallel-CFS - Strengthening the {CFS} McEliece-Based Signature Scheme},
	booktitle = {{SAC} 2010},
	series    = {LNCS},
	volume    = {6544},
	pages     = {159--170},
	publisher = {Springer},
	year      = {2010},
	url       = {https://doi.org/10.1007/978-3-642-19574-7\_11},
	doi       = {10.1007/978-3-642-19574-7\_11},
	timestamp = {Sun, 25 Oct 2020 22:46:42 +0100},
	biburl    = {https://dblp.org/rec/conf/sacrypt/Finiasz10.bib},
	bibsource = {dblp computer science bibliography, https://dblp.org}
}

@inproceedings{FaugereOPT10,
	author    = {Jean{-}Charles Faug{\`{e}}re and
	Ayoub Otmani and
	Ludovic Perret and
	Jean{-}Pierre Tillich},
	title     = {Algebraic Cryptanalysis of McEliece Variants with Compact Keys},
	booktitle = {{EUROCRYPT} 2010},
	series    = {LNCS},
	volume    = {6110},
	pages     = {279--298},
	publisher = {Springer},
	year      = {2010},
	url       = {https://doi.org/10.1007/978-3-642-13190-5\_14},
	doi       = {10.1007/978-3-642-13190-5\_14},
	timestamp = {Sun, 02 Jun 2019 21:14:02 +0200},
	biburl    = {https://dblp.org/rec/conf/eurocrypt/FaugereOPT10.bib},
	bibsource = {dblp computer science bibliography, https://dblp.org}
}

@inproceedings{Baldi0CRS13,
	author    = {Marco Baldi and
	Marco Bianchi and
	Franco Chiaraluce and
	Joachim Rosenthal and
	Davide Schipani},
	title     = {Using {LDGM} Codes and Sparse Syndromes to Achieve Digital Signatures},
	booktitle = {PQCrypto 2013},
	series    = {LNCS},
	volume    = {7932},
	pages     = {1--15},
	publisher = {Springer},
	year      = {2013},
	url       = {https://doi.org/10.1007/978-3-642-38616-9\_1},
	doi       = {10.1007/978-3-642-38616-9\_1},
	timestamp = {Fri, 27 Dec 2019 21:19:48 +0100},
	biburl    = {https://dblp.org/rec/conf/pqcrypto/Baldi0CRS13.bib},
	bibsource = {dblp computer science bibliography, https://dblp.org}
}

@article{LeeLKN19,
	author    = {Yongwoo Lee and
	Wijik Lee and
	Young{-}Sik Kim and
	Jong{-}Seon No},
	title     = {A Modified pqsigRM: {RM} Code-Based Signature Scheme},
	journal   = {{IACR} Cryptol. ePrint Arch.},
	pages     = {678},
	year      = {2019},
	url       = {https://eprint.iacr.org/2019/678},
	timestamp = {Mon, 11 May 2020 15:58:30 +0200},
	biburl    = {https://dblp.org/rec/journals/iacr/LeeLKN19.bib},
	bibsource = {dblp computer science bibliography, https://dblp.org}
}

@inproceedings{GrothK15,
	author    = {Jens Groth and
	Markulf Kohlweiss},
	title     = {One-Out-of-Many Proofs: Or How to Leak a Secret and Spend a Coin},
	booktitle = {{EUROCRYPT} 2015},
	series    = {LNCS},
	volume    = {9057},
	pages     = {253--280},
	publisher = {Springer},
	year      = {2015},
	url       = {https://doi.org/10.1007/978-3-662-46803-6\_9},
	doi       = {10.1007/978-3-662-46803-6\_9},
	timestamp = {Thu, 14 Oct 2021 09:58:15 +0200},
	biburl    = {https://dblp.org/rec/conf/eurocrypt/GrothK15.bib},
	bibsource = {dblp computer science bibliography, https://dblp.org}
}

@inproceedings{LibertLNW16,
	author    = {Beno{\^{\i}}t Libert and
	San Ling and
	Khoa Nguyen and
	Huaxiong Wang},
	title     = {Zero-Knowledge Arguments for Lattice-Based Accumulators: Logarithmic-Size
	Ring Signatures and Group Signatures Without Trapdoors},
	booktitle = {{EUROCRYPT} 2016},
	series    = {LNCS},
	volume    = {9666},
	pages     = {1--31},
	publisher = {Springer},
	year      = {2016},
	url       = {https://doi.org/10.1007/978-3-662-49896-5\_1},
	doi       = {10.1007/978-3-662-49896-5\_1},
	timestamp = {Tue, 29 Dec 2020 18:30:41 +0100},
	biburl    = {https://dblp.org/rec/conf/eurocrypt/LibertLNW16.bib},
	bibsource = {dblp computer science bibliography, https://dblp.org}
}

@inproceedings{EsginSSLL19,
	author    = {Muhammed F. Esgin and
	Ron Steinfeld and
	Amin Sakzad and
	Joseph K. Liu and
	Dongxi Liu},
	title     = {Short Lattice-Based One-out-of-Many Proofs and Applications to Ring
	Signatures},
	booktitle = {{ACNS} 2019},
	series    = {LNCS},
	volume    = {11464},
	pages     = {67--88},
	publisher = {Springer},
	year      = {2019},
	url       = {https://doi.org/10.1007/978-3-030-21568-2\_4},
	doi       = {10.1007/978-3-030-21568-2\_4},
	timestamp = {Fri, 27 Dec 2019 21:24:53 +0100},
	biburl    = {https://dblp.org/rec/conf/acns/EsginSSLL19.bib},
	bibsource = {dblp computer science bibliography, https://dblp.org}
}

@article{XuSNW20,
	author    = {Yanhong Xu and
	Reihaneh Safavi{-}Naini and
	Khoa Nguyen and
	Huaxiong Wang},
	title     = {Traceable Policy-Based Signatures and Instantiation from Lattices},
	journal   = {CoRR},
	volume    = {abs/2007.00033},
	year      = {2020},
	url       = {https://arxiv.org/abs/2007.00033},
	eprinttype = {arXiv},
	eprint    = {2007.00033},
	timestamp = {Thu, 14 Oct 2021 09:17:42 +0200},
	biburl    = {https://dblp.org/rec/journals/corr/abs-2007-00033.bib},
	bibsource = {dblp computer science bibliography, https://dblp.org}
}

@article{BerlekampMT78,
	author    = {Elwyn R. Berlekamp and
	Robert J. McEliece and
	Henk C. A. van Tilborg},
	title     = {On the inherent intractability of certain coding problems (Corresp.)},
	journal   = {{IEEE} Trans. Inf. Theory},
	volume    = {24},
	number    = {3},
	pages     = {384--386},
	year      = {1978},
	url       = {https://doi.org/10.1109/TIT.1978.1055873},
	doi       = {10.1109/TIT.1978.1055873},
	timestamp = {Tue, 10 Mar 2020 10:44:31 +0100},
	biburl    = {https://dblp.org/rec/journals/tit/BerlekampMT78.bib},
	bibsource = {dblp computer science bibliography, https://dblp.org}
}

@inproceedings{FischerS96,
	author    = {Jean{-}Bernard Fischer and
	Jacques Stern},
	title     = {An Efficient Pseudo-Random Generator Provably as Secure as Syndrome
	Decoding},
	booktitle = {{EUROCRYPT} 1996},
	series    = {LNCS},
	volume    = {1070},
	pages     = {245--255},
	publisher = {Springer},
	year      = {1996},
	url       = {https://doi.org/10.1007/3-540-68339-9\_22},
	doi       = {10.1007/3-540-68339-9\_22},
	timestamp = {Tue, 14 May 2019 10:00:53 +0200},
	biburl    = {https://dblp.org/rec/conf/eurocrypt/FischerS96.bib},
	bibsource = {dblp computer science bibliography, https://dblp.org}
}

@inproceedings{GaboritLS07,
	author    = {Philippe Gaborit and
	C{\'{e}}dric Lauradoux and
	Nicolas Sendrier},
	title     = {{SYND:} a Fast Code-Based Stream Cipher with a Security Reduction},
	booktitle = {{IEEE ISIT} 2007},
	pages     = {186--190},
	publisher = {{IEEE}},
	year      = {2007},
	url       = {https://doi.org/10.1109/ISIT.2007.4557224},
	doi       = {10.1109/ISIT.2007.4557224},
	timestamp = {Wed, 16 Oct 2019 14:14:48 +0200},
	biburl    = {https://dblp.org/rec/conf/isit/GaboritLS07.bib},
	bibsource = {dblp computer science bibliography, https://dblp.org}
}

@article{Veron96,
	author    = {Pascal V{\'{e}}ron},
	title     = {Improved identification schemes based on error-correcting codes},
	journal   = {Appl. Algebra Eng. Commun. Comput.},
	volume    = {8},
	number    = {1},
	pages     = {57--69},
	year      = {1996},
	url       = {https://doi.org/10.1007/s002000050053},
	doi       = {10.1007/s002000050053},
	timestamp = {Fri, 30 Nov 2018 13:27:43 +0100},
	biburl    = {https://dblp.org/rec/journals/aaecc/Veron96.bib},
	bibsource = {dblp computer science bibliography, https://dblp.org}
}

@inproceedings{GaboritG07,
	author    = {Philippe Gaborit and
	Marc Girault},
	title     = {Lightweight code-based identification and signature},
	booktitle = {{IEEE ISIT} 2007,
	Nice, France, June 24-29, 2007},
	pages     = {191--195},
	publisher = {{IEEE}},
	year      = {2007},
	url       = {https://doi.org/10.1109/ISIT.2007.4557225},
	doi       = {10.1109/ISIT.2007.4557225},
	timestamp = {Wed, 16 Oct 2019 14:14:48 +0200},
	biburl    = {https://dblp.org/rec/conf/isit/GaboritG07.bib},
	bibsource = {dblp computer science bibliography, https://dblp.org}
}

@inproceedings{MelchorGS11,
	author    = {Carlos Aguilar Melchor and
	Philippe Gaborit and
	Julien Schrek},
	title     = {A new zero-knowledge code based identification scheme with reduced
	communication},
	booktitle = {{IEEE ITW} 2011},
	pages     = {648--652},
	publisher = {{IEEE}},
	year      = {2011},
	url       = {https://doi.org/10.1109/ITW.2011.6089577},
	doi       = {10.1109/ITW.2011.6089577},
	timestamp = {Wed, 16 Oct 2019 14:14:51 +0200},
	biburl    = {https://dblp.org/rec/conf/itw/MelchorGS11.bib},
	bibsource = {dblp computer science bibliography, https://dblp.org}
}

@inproceedings{CayrelVA10,
	author    = {Pierre{-}Louis Cayrel and
	Pascal V{\'{e}}ron and
	Sidi Mohamed El Yousfi Alaoui},
	title     = {A Zero-Knowledge Identification Scheme Based on the q-ary Syndrome
	Decoding Problem},
	booktitle = {{SAC} 2010},
	series    = {LNCS},
	volume    = {6544},
	pages     = {171--186},
	publisher = {Springer},
	year      = {2010},
	url       = {https://doi.org/10.1007/978-3-642-19574-7\_12},
	doi       = {10.1007/978-3-642-19574-7\_12},
	timestamp = {Sun, 25 Oct 2020 22:46:42 +0100},
	biburl    = {https://dblp.org/rec/conf/sacrypt/CayrelVA10.bib},
	bibsource = {dblp computer science bibliography, https://dblp.org}
}

@inproceedings{AlaouiCBH13,
	author    = {Sidi Mohamed El Yousfi Alaoui and
	Pierre{-}Louis Cayrel and
	Rachid El Bansarkhani and
	Gerhard Hoffmann},
	title     = {Code-Based Identification and Signature Schemes in Software},
	booktitle = {{CD-ARES} 2013},
	series    = {LNCS},
	volume    = {8128},
	pages     = {122--136},
	publisher = {Springer},
	year      = {2013},
	url       = {https://doi.org/10.1007/978-3-642-40588-4\_9},
	doi       = {10.1007/978-3-642-40588-4\_9},
	timestamp = {Tue, 14 May 2019 10:00:49 +0200},
	biburl    = {https://dblp.org/rec/conf/IEEEares/AlaouiCBH13.bib},
	bibsource = {dblp computer science bibliography, https://dblp.org}
}

@inproceedings{BoyleGI14,
	author    = {Elette Boyle and
	Shafi Goldwasser and
	Ioana Ivan},
	title     = {Functional Signatures and Pseudorandom Functions},
	booktitle = {{PKC} 2014},
	series    = {LNCS},
	volume    = {8383},
	pages     = {501--519},
	publisher = {Springer},
	year      = {2014},
	url       = {https://doi.org/10.1007/978-3-642-54631-0\_29},
	doi       = {10.1007/978-3-642-54631-0\_29},
	timestamp = {Fri, 01 May 2020 18:32:25 +0200},
	biburl    = {https://dblp.org/rec/conf/pkc/BoyleGI14.bib},
	bibsource = {dblp computer science bibliography, https://dblp.org}
}

@inproceedings{YangSWW21,
	author    = {Kang Yang and
	Pratik Sarkar and
	Chenkai Weng and
	Xiao Wang},
	title     = {QuickSilver: Efficient and Affordable Zero-Knowledge Proofs for Circuits
	and Polynomials over Any Field},
	booktitle = {ACM CCS 2021},
	pages     = {2986--3001},
	publisher = {{ACM}},
	year      = {2021},
	url       = {https://doi.org/10.1145/3460120.3484556},
	doi       = {10.1145/3460120.3484556},
	timestamp = {Wed, 17 Nov 2021 07:51:34 +0100},
	biburl    = {https://dblp.org/rec/conf/ccs/YangSWW21.bib},
	bibsource = {dblp computer science bibliography, https://dblp.org}
}

@inproceedings{WengYKW21,
	author    = {Chenkai Weng and
	Kang Yang and
	Jonathan Katz and
	Xiao Wang},
	title     = {Wolverine: Fast, Scalable, and Communication-Efficient Zero-Knowledge
	Proofs for Boolean and Arithmetic Circuits},
	booktitle = {{IEEE SP} 2021},
	pages     = {1074--1091},
	publisher = {{IEEE}},
	year      = {2021},
	url       = {https://doi.org/10.1109/SP40001.2021.00056},
	doi       = {10.1109/SP40001.2021.00056},
	timestamp = {Thu, 14 Oct 2021 17:16:28 +0200},
	biburl    = {https://dblp.org/rec/conf/sp/WengYKW21.bib},
	bibsource = {dblp computer science bibliography, https://dblp.org}
}

@article{WengYYXW22,
	author    = {Chenkai Weng and
	Kang Yang and
	Zhaomin Yang and
	Xiang Xie and
	Xiao Wang},
	title     = {AntMan: Interactive Zero-Knowledge Proofs with Sublinear Communication},
	journal   = {{IACR} Cryptol. ePrint Arch.},
	pages     = {566},
	year      = {2022},
	url       = {https://eprint.iacr.org/2022/566},
	timestamp = {Mon, 16 May 2022 15:32:46 +0200},
	biburl    = {https://dblp.org/rec/journals/iacr/WengYYXW22.bib},
	bibsource = {dblp computer science bibliography, https://dblp.org}
}

@article{MeiserS18,
	author    = {Sebastian Meiser and
	Dominique Schr{\"{o}}der},
	title     = {Delegatable functional signatures},
	journal   = {{IET} Inf. Secur.},
	volume    = {12},
	number    = {3},
	pages     = {194--206},
	year      = {2018},
	url       = {https://doi.org/10.1049/iet-ifs.2017.0082},
	doi       = {10.1049/iet-ifs.2017.0082},
	timestamp = {Thu, 27 Aug 2020 13:16:24 +0200},
	biburl    = {https://dblp.org/rec/journals/iet-ifs/MeiserS18.bib},
	bibsource = {dblp computer science bibliography, https://dblp.org}
}

@inproceedings{NaorY90,
	author    = {Moni Naor and
	Moti Yung},
	title     = {Public-key Cryptosystems Provably Secure against Chosen Ciphertext
	Attacks},
	booktitle = {STOC 1990},
	pages     = {427--437},
	publisher = {{ACM}},
	year      = {1990},
	url       = {https://doi.org/10.1145/100216.100273},
	doi       = {10.1145/100216.100273},
	timestamp = {Mon, 26 Nov 2018 15:05:57 +0100},
	biburl    = {https://dblp.org/rec/conf/stoc/NaorY90.bib},
	bibsource = {dblp computer science bibliography, https://dblp.org}
}

@inproceedings{LangloisLNW14,
	author    = {Adeline Langlois and
	San Ling and
	Khoa Nguyen and
	Huaxiong Wang},
	title     = {Lattice-Based Group Signature Scheme with Verifier-Local Revocation},
	booktitle = {{PKC} 2014},
	series    = {LNCS},
	volume    = {8383},
	pages     = {345--361},
	publisher = {Springer},
	year      = {2014},
	url       = {https://doi.org/10.1007/978-3-642-54631-0\_20},
	doi       = {10.1007/978-3-642-54631-0\_20},
	timestamp = {Tue, 29 Dec 2020 18:34:44 +0100},
	biburl    = {https://dblp.org/rec/conf/pkc/LangloisLNW14.bib},
	bibsource = {dblp computer science bibliography, https://dblp.org}
}